2954 5130
714 543 773 604 177

179 727 296 809 verbis,
331 746 414 812 quae
448 729 511 791 iam
545 728 632 812 apud
662 726 832 792 Horatium
862 727 990 812 legerat,
1021 733 1127 793 tamen
1152 701 1302 813 quamvis

177 841 276 906 fuerit
310 841 505 935 admirabilis
540 841 664 924 artifex,
697 860 829 924 prorsus
860 859 925 904 non
955 844 1119 924 potuisset.
1153 841 1216 907 Sed
1246 842 1300 907 ab·

180 957 316 1022 surdum
351 961 399 1021 est
429 957 587 1021 eiusmodi
617 955 739 1039 aliquid
761 953 898 1040 fingere:
924 956 1050 1020 nullum
1075 958 1160 1021 enirn
1185 955 1299 1022 Ovidio

180 1070 360 1154 periculum
396 1074 463 1134 erat
492 1088 534 1135 ne
563 1071 599 1133 in
621 1069 719 1154 plagii
743 1071 921 1134 incurreret
945 1071 1177 1153 suspicionem3
1201 1073 1300 1135 immo

181 1186 210 1249 si
244 1184 283 1249 de
313 1184 472 1248 industria
503 1184 635 1268 elegiam
668 1182 803 1248 Ovidius
831 1185 1068 1269 composuisset,
1092 1202 1174 1268 quae
1197 1189 1302 1250 totae

181 1297 288 1363 verbis
320 1296 515 1380 Horatianis,
538 1316 580 1362 err
602 1317 667 1361 uno
693 1299 833 1362 carmine
857 1296 1005 1380 collectis,
1029 1303 1197 1380 constaret,
1220 1299 1300 1363 nibil

181 1415 287 1475 tamen
320 1411 374 1474 illa
403 1410 570 1475 Horatiani
601 1410 738 1475 haberet.
761 1410 824 1475 Hic
849 1430 924 1476 vero
949 1413 1006 1496 qui
1029 1415 1076 1475 est
1099 1411 1301 1476 consensus?

181 1524 336 1589 Horatius
360 1523 469 1590 babet:
491 1529 623 1611 ,totum
648 1526 789 1589 muneris
813 1525 873 1588 hoc
896 1525 1005 1606 tuist”,
1031 1522 1184 1589 Ovidius:
1213 1545 1301 1607 ,mu-

182 1639 267 1702 neris
291 1657 385 1702 omne
407 1636 515 1703 tuist.'’
538 1637 600 1703 Sed
622 1643 653 1704 et
675 1638 829 1722 Tibullus,
854 1643 890 1702 ut
914 1638 1063 1721 vidimus,
1087 1638 1182 1704 verba
1208 1659 1300 1720 ,sum

182 1751 399 1835 quodcunque
433 1751 579 1817 tuumst’'
614 1752 717 1818 habet.
751 1752 792 1817 Et
828 1754 900 1837 quis
931 1771 996 1817 non
1028 1771 1121 1836 saepe
1144 1753 1303 1818 eiusmodi

182 1864 343 1930 locutione
376 1885 456 1931 usus
491 1866 563 1931 est?
597 1864 646 1932 De
675 1866 802 1930 Invidia
832 1872 939 1931 autem
971 1866 1048 1930 dnm
1080 1866 1231 1950 loqueris,
1263 1866 1302 1931 de

184 1979 256 2044 eius
290 1978 414 2044 dente
448 1980 542 2044 silere
573 2000 637 2044 non
661 1985 758 2064 potes.
781 1979 823 2044 Et
845 1980 954 2045 eadem
979 1980 1101 2045 ratione
1124 1985 1216 2064 potita
1238 1979 1301 2043 Re·

183 2112 309 2174 manus,
340 2094 396 2177 qui
426 2093 528 2174 lyrica
549 2093 625 2157 lacit
648 2095 797 2177 carmina,
821 2099 877 2158 aut
901 2095 977 2178 quia
1000 2093 1176 2159 Pindarum
1199 2095 1303 2158 imita·

182 2210 237 2270 tur
273 2205 478 2288 ,Pindaricae
511 2205 628 2271 fidicen
662 2206 771 2288 lyrae''
807 2207 1015 2291 appellandus
1049 2215 1105 2288 est,
1138 2212 1195 2271 aut
1226 2208 1302 2290 quia

182 2339 304 2384 novum
339 2322 444 2404 poesis
477 2338 581 2405 genus
611 2319 744 2384 Romam
768 2320 939 2385 transferre
962 2325 1096 2384 conatur
1122 2319 1302 2401 ,Romanae

182 2434 299 2499 fidicen
334 2432 452 2517 lyrae’'.
487 2433 529 2499 Et
562 2434 715 2520 leguntur
744 2441 905 2520 praeterea
939 2436 995 2500 illa
1028 2434 1115 2519 apud
1147 2432 1299 2499 Ovidium

183 2547 340 2612 vocabula
362 2549 396 2611 iu
418 2549 515 2633 longa
538 2553 702 2631 poetarum
726 2549 910 2633 aequalium
934 2549 1183 2613 enumeratione.

227 2662 337 2746 Atque
369 2663 445 2727 baec
472 2662 602 2746 quidem
625 2663 789 2728 hactenus.
816 2662 874 2745 ,In
898 2665 987 2746 poesi
1011 2660 1149 2727 erotica’'
1174 2660 1302 2747 Zinger-

183 2775 254 2840 leus
285 2777 329 2839 ait
359 2776 480 2856 ,multa
503 2776 631 2860 quidem
657 2776 742 2860 apud
766 2774 917 2840 Ovidium
941 2777 1144 2859 reperiuntur
1167 2795 1249 2860 quae
1272 2781 1302 2841 et

185 2888 270 2972 apud
301 2887 468 2952 Horatium
500 2889 657 2973 legantur,
681 2888 737 2955 sed
760 2908 947 2954 communes
969 2889 1017 2953 illi
1040 2896 1117 2954 sunt
1139 2890 1210 2972 loci,
1232 2891 1304 2953 imi·

185 3003 314 3066 tationis
337 3000 531 3067 Horatianae
554 3007 742 3086 argumento
766 3021 925 3067 essenon
947 3000 1116 3087 possunt.”
1139 3000 1218 3078 Quis
1237 3022 1303 3066 non

185 3115 322 3181 libenter
343 3116 396 3180 hic
418 3118 486 3179 viro
509 3117 601 3180 docto
624 3116 841 3180 assentiatur?
866 3115 927 3180 Sed
950 3121 1112 3199 praeterea
1136 3116 1196 3179 hoc
1208 3116 1301 3179 dicit:

188 3229 296 3314 ,quod
331 3235 438 3294 autem
469 3229 637 3294 Horatiani
667 3231 817 3294 carminis
847 3229 889 3312 II,
912 3233 934 3292 4
959 3234 1182 3312 argumentum
1208 3230 1302 3293 etiam

186 3344 272 3428 apud
297 3342 446 3408 Ovidium
475 3345 557 3423 (Am.
581 3343 623 3427 Il,
650 3346 680 3426 8,
704 3345 723 3407 9
747 3344 826 3428 sqq.)
849 3345 993 3425 recurrit,
1017 3342 1174 3408 eiusmodi
1197 3347 1246 3407 est
1269 3346 1305 3406 ut

187 3460 244 3522 vix
273 3459 353 3521 mihi
380 3457 513 3522 dubium
538 3458 682 3522 videatur
705 3459 784 3541 quin
807 3457 976 3522 Horatium
1001 3457 1153 3522 imitando
1177 3477 1304 3540 expres·

188 3573 264 3637 serit
288 3570 454 3636 Ovidius.”
478 3570 566 3636 Haec
588 3573 659 3655 ipsa
682 3571 840 3656 Zingerlei
860 3570 957 3636 verba
976 3575 1070 3635 sunt:
1086 3570 1210 3652 ,diin'te
1221 3571 1304 3633 wohl

187 3685 249 3750 last
273 3686 356 3750 ohne
379 3684 552 3749 Bedenlren
576 3684 633 3748 auf
654 3686 747 3748 einen
772 3684 915 3749 direkten
935 3683 1078 3748 Eintluss
1097 3682 1304 3748 zubeniehen

189 3797 288 3864 sein.''
323 3798 506 3883 Utrumque
540 3818 615 3882 ergo
650 3798 755 3863 locum
792 3799 972 3862 accuratius
1005 3799 1204 3881 aspiciamus.
1237 3797 1304 3861 Iam

187 3914 247 3978 hoc
282 3915 393 3998 negari
428 3913 540 3996 nequit
572 3911 743 3995 utrobique
774 3912 813 3976 de
843 3911 975 3975 ancillae
998 3930 1104 3975 amore
1128 3930 1304 3975 sermonem

187 4047 274 4107 esse;
309 4027 431 4091 accedit
466 4026 551 4110 quod
585 4034 651 4090 tam
688 4025 822 4090 Ovidius
856 4045 951 4108 quam
983 4024 1137 4089 Horatius
1161 4025 1306 4108 exempla

188 4141 344 4226 quaedam
376 4140 416 4204 ab
447 4138 598 4205 heroibus
629 4143 735 4204 sumit.
760 4138 822 4203 Sed
845 4158 886 4203 ne
910 4139 1020 4203 heroes
1044 4125 1172 4223 quidem
1197 4139 1244 4202 illi
1267 4139 1305 4202 ad

192 4256 324 4321 eandem
368 4274 435 4320 rem
478 4254 756 4319 demonstrandam
794 4252 880 4337 apud
914 4258 1090 4338 utrumque
1122 4254 1305 4318 afferuntur.

1175 4363 1208 4416 ta
