2954 5130
705 535 767 597 115

310 716 392 781 Nam
418 719 491 802 quis
514 719 634 783 divitiis
656 719 789 784 adverso
812 721 929 804 gaudet
953 721 1096 787 Amore?

354 830 452 895 Nulla
474 832 553 895 mihi
575 833 658 897 tristi
681 834 821 917 praemia
843 835 908 898 sint
929 834 1064 900 Venere.

226 991 333 1074 „Nihil
363 1011 415 1057 me
441 991 481 1057 ab
503 993 557 1057 illa
579 992 760 1060 abstrahere
782 994 927 1080 poterit''
948 995 1020 1061 Hoc
1043 1002 1075 1061 et
1099 996 1173 1061 alibi
1197 1017 1291 1083 saepe
1325 1054 1339 1081 ,

179 1105 295 1172 clamat
317 1111 349 1172 et
370 1105 432 1191 111,
457 1107 507 1191 19,
533 1108 574 1171 19
598 1129 662 1192 sq:

310 1269 357 1334 Tu
380 1290 450 1335 mea
472 1263 642 1355 compones
666 1275 697 1335 et
720 1272 805 1336 dices
831 1270 940 1355 „Ossa
963 1272 1118 1358 Properti,

355 1382 444 1448 Haec
466 1388 522 1449 tua
545 1389 637 1449 sunt:
662 1384 743 1449 eheu
767 1389 802 1449 tu
826 1386 904 1449 mihi
926 1390 1032 1451 certus
1052 1386 1151 1452 eras.''

178 1545 210 1611 N
211 1565 228 1611 e
247 1545 411 1611 Caesarem
427 1546 556 1630 quidem
569 1564 759 1630 severasque
770 1548 840 1612 eius
851 1547 937 1632 leges
949 1549 1040 1612 timet
1051 1547 1103 1631 (ll,
1118 1548 1145 1632 7,
1159 1551 1177 1613 3
1191 1551 1289 1634 sqq.):

577 1708 732 1787 Quamvis
756 1711 906 1776 diducere
929 1716 1070 1776 amantes

354 1821 428 1887 Non
452 1828 547 1907 queat
568 1824 688 1889 invitos
710 1823 853 1910 Iuppiter
875 1827 944 1909 ipse
966 1825 1055 1889 duos.

310 1937 356 2000 At
377 1956 513 2022 magnus
537 1936 661 2021 Caesar,
684 1939 740 2003 sed
763 1958 899 2023 magnus
923 1936 1038 2003 Caesar
1060 1940 1094 2002 in
1117 1940 1231 2003 armis:

356 2047 506 2116 Devictae
527 2055 639 2136 gentes
663 2050 709 2114 nil
730 2052 765 2114 in
789 2069 895 2115 amore
917 2051 1032 2116 valent.

222 2213 328 2298 Ipsam
349 2219 482 2278 mortem
506 2234 571 2278 non
595 2215 723 2295 metuit;
747 2214 807 2278 hoc
829 2215 933 2278 solum
956 2218 1084 2278 veretur
1105 2232 1146 2277 no
1164 2214 1291 2297 puellae

179 2346 257 2392 suae
290 2326 407 2392 duritia
437 2327 499 2392 sibi
529 2328 640 2392 mortis
672 2346 768 2392 causa
790 2326 846 2391 fiat
869 2333 900 2392 et
922 2327 1067 2412 sepulcro
1092 2346 1150 2391 suo
1174 2327 1225 2390 hio
1250 2328 1291 2390 sit

178 2442 368 2507 incidendas
390 2441 504 2506 titulus
527 2441 579 2525 (ll,
605 2442 633 2525 1,
658 2442 727 2524 78):

353 2604 441 2670 Huic
463 2605 578 2670 misero
601 2603 702 2668 fatum
726 2604 806 2669 dura
828 2603 934 2688 puella
956 2603 1026 2668 fuit.

223 2766 315 2845 Quod
350 2787 435 2833 mors
465 2788 531 2832 non
553 2771 665 2853 potest,
688 2767 789 2832 multo
812 2768 920 2832 minus
944 2766 1068 2832 officere
1091 2768 1160 2832 eius
1184 2787 1290 2832 comes

178 2880 311 2947 valebit:
334 2884 369 2947 in
394 2900 505 2946 somno
526 2883 609 2946 enim
632 2900 705 2946 eum
725 2879 889 2965 perturbat
907 2881 1120 2966 periculorum
1134 2883 1291 2966 cogitatio,

179 2995 297 3080 quibus
332 3015 366 3061 se
396 2997 508 3060 itinere
537 2996 695 3060 maritimo
722 2993 865 3059 faciendo
890 2995 1038 3079 exposuit
1062 2992 1206 3076 Cynthia.
1229 2994 1291 3061 Sed

178 3129 272 3175 nemo
295 3130 437 3194 unquam
461 3109 637 3194 quidquam
661 3109 700 3174 de
719 3110 779 3173 hoo
798 3114 986 3194 argumento
998 3110 1191 3193 excogitavit
1204 3109 1289 3192 quod

177 3226 296 3291 maiore
329 3229 413 3290 esset
447 3224 580 3309 dignum
614 3223 821 3288 admiratione
853 3243 949 3307 quam
979 3222 1140 3306 praeclara
1171 3222 1227 3286 illa
1252 3222 1290 3286 ab

176 3341 307 3405 Amoris
328 3341 443 3425 pennis
467 3344 593 3425 sumpta
613 3340 719 3424 imago
743 3337 812 3421 (HI,
837 3340 867 3422 3,
892 3338 933 3402 13
958 3338 1054 3422 sqq.):

310 3500 349 3565 In
372 3520 423 3566 me
445 3501 508 3567 tela
530 3504 669 3585 manent,
692 3503 799 3565 manet
822 3503 853 3564 et
875 3499 1007 3583 puerilis
1025 3501 1151 3583 imago:

354 3615 415 3680 Sed
439 3620 522 3681 certo
545 3634 665 3700 pennas
688 3614 824 3699 perdidit
845 3612 900 3678 1116
924 3632 1017 3693 suas3

310 3729 424 3793 Evolat
445 3729 510 3797 heu
531 3733 641 3793 nostro
665 3729 815 3812 quoniam
840 3728 879 3792 de
901 3731 1027 3812 pectore
1051 3745 1211 3810 nusquam

353 3842 580 3928 Assiduusque
603 3860 673 3907 meo
696 3844 852 3926 sanguine
874 3840 956 3905 bella
978 3841 1068 3924 gerit.

221 4019 346 4103 Tamen,
365 4019 512 4104 quamvis
530 4017 677 4103 egregius
695 4016 749 4081 1116
760 4016 850 4080 locus
863 4016 914 4099 sit,
927 4015 1041 4079 melius
1055 4015 1149 4078 etiam
1161 4012 1287 4078 fidelem

179 4139 440 4219 constantemque
482 4138 592 4219 potitae
629 4137 786 4198 testantur
819 4151 958 4196 amorem
993 4132 1108 4195 anxiae
1143 4131 1212 4194 eius
1247 4128 1286 4191 ob

179 4250 372 4316 laborantem
396 4248 565 4332 Oynthiam
584 4266 688 4313 curae.
708 4245 757 4313 De
776 4245 894 4332 quibus
906 4244 1287 4311 eximiihiversussuut:
