2954 5130
785 517 828 579 40

245 709 385 772 statuere
418 723 525 788 neque
554 722 647 788 posse
678 722 785 787 neque
807 703 888 768 velle
911 708 1038 768 rectene
1059 721 1101 766 an
1124 701 1244 765 iniuria
1266 721 1365 766 unam

244 819 440 903 alteramque
459 819 530 883 eius
554 817 717 901 stropham
742 817 894 881 deleverit
915 814 1165 900 Peerlkampius.
1188 815 1265 878 Tam
1278 816 1364 878 enim

241 934 402 999 insulsum
427 952 555 998 carmen
579 937 637 1015 est,
660 932 763 997 Musis
786 933 876 996 iratis
900 932 1122 1015 compositum,
1146 936 1183 995 ut
1203 931 1364 1014 corrumpi

244 1066 286 1112 ne
308 1046 348 1112 ab
371 1047 570 1131 ineptissimo
596 1046 725 1130 quidem
748 1047 955 1130 grammatico
978 1045 1127 1128 potuerit

286 1160 326 1224 In
361 1159 490 1225 Horatii
520 1159 718 1225 carminibus
742 1177 836 1242 saepe
859 1178 958 1223 unam
982 1158 1177 1240 alteramque
1200 1155 1364 1222 abundare

242 1274 403 1359 stropham
426 1273 499 1357 quis
522 1272 640 1358 neget?
663 1272 797 1336 Illarum
821 1291 903 1356 qnae
920 1271 1018 1336 fuerit
1038 1272 1126 1355 origo
1146 1271 1364 1336 demonstrare

241 1393 375 1454 conatus
410 1407 499 1453 sum:
531 1388 649 1453 melius
679 1392 786 1452 tamen
817 1405 885 1452 rem
915 1387 1089 1471 perspicies
1113 1387 1141 1450 si
1162 1387 1362 1469 reputaveris

240 1503 400 1588 permulta
419 1520 489 1568 esse
509 1503 650 1566 carmina
669 1501 827 1566 eiusmodi
846 1506 883 1565 ut
894 1501 1008 1565 ultima
1019 1499 1147 1583 stropha
1159 1519 1233 1564 cum
1245 1519 1361 1585 magno

241 1618 340 1682 totius
365 1616 581 1681 emolumento
607 1615 701 1680 abiici
725 1617 834 1700 possit.
859 1615 998 1680 Sedulus
1017 1617 1102 1679 enim
1115 1634 1270 1679 versuum
1283 1613 1360 1698 Sap·

239 1730 407 1815 phicorum
449 1730 720 1813 Alcaicorumque
761 1728 933 1793 fabricator
966 1728 1127 1793 interdum
1164 1747 1230 1792 non
1265 1729 1363 1793 sentit

241 1845 405 1908 materiam
437 1862 472 1909 se
502 1844 565 1907 iam
598 1843 788 1908 exhausisse
810 1849 842 1907 et
865 1841 1024 1907 adfinem
1047 1844 1241 1926 pervenisse,
1266 1862 1361 1926 quae

241 1977 303 2042 que
325 1961 486 2042 postremo
510 1957 630 2022 dixerit
650 1956 829 2021 claudendo
850 1958 983 2021 carmini
1001 1975 1071 2022 esse
1083 1957 1256 2042 aptissima.
1267 1955 1360 2022 Nova

156 2143 157 2146 Ἴ
239 2089 315 2156 ergo
354 2071 484 2154 stropha
518 2069 663 2134 addenda
698 2090 795 2134 suum
829 2073 898 2155 ipse
933 2089 1013 2155 opus
1036 2071 1114 2134 dum
1138 2071 1267 2154 explere
1291 2071 1361 2136 vult

240 2186 425 2269 corrumpit.
448 2183 540 2249 Dabo
563 2183 719 2268 exempla.

283 2297 326 2380 11,
351 2299 379 2362 5.
411 2296 558 2363 Carmine
590 2297 735 2362 Romano
767 2298 939 2362 admodum
970 2302 1002 2362 et
1031 2298 1162 2381 rustico,
1192 2299 1248 2363 sed
1274 2300 1359 2364 haud

207 2411 374 2496 illepido,
421 2413 560 2476 amicum
602 2412 795 2476 immaturae
827 2411 986 2495 puellulae
1019 2430 1126 2476 amore
1158 2417 1287 2496 captum
1322 2418 1358 2477 nt

240 2531 340 2592 semet
362 2528 524 2591 contineat
541 2545 624 2590 neve
644 2527 743 2589 nimia
763 2530 872 2610 peccet
883 2526 1086 2590 festinatione
1097 2530 1189 2610 potita
1200 2526 1357 2592 admonet.

237 2639 384 2705 Venuste
414 2639 501 2703 illam
526 2658 600 2704 oum
623 2638 725 2703 vitulo
748 2658 806 2724 per
827 2643 918 2723 prata
941 2638 1042 2704 libere
1063 2639 1250 2704 luxuriante
1274 2660 1358 2707 oom-

236 2758 343 2838 parat3
375 2758 445 2818 tum
476 2753 538 2817 alia
564 2755 712 2838 imagine,
735 2753 775 2817 ad
799 2755 937 2818 amicum
961 2772 1145 2838 conversus,
1172 2754 1288 2837 „tolle”
1314 2758 1359 2821 ait

769 2916 855 2982 Tolle
879 2917 1062 3002 cupidinem

505 3030 643 3096 Immitis
665 3051 756 3096 uvae.

280 3202 416 3288 Egregie
450 3204 526 3269 huic
557 3206 739 3271 annectitur
769 3208 906 3292 stropha,
938 3229 1035 3292 quam
1065 3212 1092 3276 si
1118 3212 1263 3278 ultimam
1287 3234 1357 3281 esse

235 3337 350 3403 passus
386 3323 469 3383 esset
502 3323 605 3403 potita,
635 3321 716 3384 nihil
746 3321 813 3385 fere
844 3327 928 3387 esset
959 3324 1045 3407 quod
1067 3326 1102 3389 in
1124 3331 1191 3391 toto
1216 3330 1357 3394 carmine

235 3432 306 3497 iure
340 3432 529 3516 reprehendi
564 3438 677 3517 posset.
713 3434 869 3518 Primum,
903 3442 939 3501 ut
971 3439 1077 3502 omnia
1107 3445 1192 3505 recte
1214 3442 1301 3508 inter
1323 3463 1357 3509 se

235 3547 435 3631 cohaereant,
458 3547 499 3611 ad
521 3548 660 3631 priorem
682 3549 765 3613 redit
789 3550 961 3635 imaginem
986 3553 1036 3617 his
1059 3554 1167 3620 verbis

391 3708 459 3774 Iam
483 3714 515 3774 te
537 3715 706 3793 sequetur:
732 3712 833 3776 currit
855 3713 940 3777 enim
964 3713 1054 3779 ferox
1075 3717 1206 3800 thetae.

282 3881 407 3960 Quibus
441 3885 480 3950 de
515 3890 616 3952 aetate
646 3887 734 3952 addit
764 3887 1026 3976 observationem,
1050 3914 1114 3977 qna
1136 3896 1217 3960 nihil
1240 3899 1355 3965 melius

236 3998 297 4062 sub
332 4000 483 4064 carminis
512 3999 610 4065 finem
643 4004 718 4086 poni
748 4003 865 4087 possit:
890 4005 985 4087 paulo
1009 4008 1094 4072 enim
1118 4009 1285 4077 obscurior
1308 4018 1355 4079 est

237 4116 268 4176 et
298 4109 598 4194 ἀινιγματωδεστὲρα,
627 4114 763 4199 ideoque
793 4114 983 4183 sententiam
1016 4123 1166 4188 moralem
1191 4127 1353 4192 continere

236 4224 362 4288 videtur
384 4227 591 4310 gravissimae
614 4228 741 4312 plenam
765 4231 954 4315 sapientiae:
