3016 5124
683 511 745 578 137

154 700 281 785 plantis,
303 698 359 764 ubi
382 704 489 765 umen
513 698 688 765 doctissimi
710 697 773 763 viri
795 697 947 783 palmis
966 695 1196 765 substituunt”
1208 695 1271 763 Sed

157 833 271 899 parum
295 812 357 879 sibi
380 817 513 898 constet,
538 813 650 879 statim⁴
668 813 753 879 enim
774 831 844 878 rem
867 813 929 877 alio
953 813 1049 878 vertit
1073 815 1120 877 et:
1147 798 1269 897 ,pqnos”

155 929 200 993 ait
225 927 360 1011 „refutat
391 925 559 1013 Scioppius
582 947 673 994 meus
695 925 780 993 Libr.
803 927 829 1011 Ι,
853 927 954 992 Veris.
978 945 1003 991 c.
1028 924 1079 991 6.”
1102 924 1271 1011 Scioppius

154 1046 263 1107 autem
292 1042 327 1106 in
350 1041 590 1108 verisimilibus
611 1042 697 1108 idem
720 1040 815 1108 habet
837 1041 922 1126 quod
945 1042 981 1106 in
1003 1041 1207 1106 annotatione
1229 1040 1270 1105 ad

82 1234 84 1237 v
153 1156 295 1240 Priapes.

197 1270 297 1336 Vides
319 1268 551 1336 Ritterhusium
576 1270 670 1335 nullo
691 1269 832 1335 adhibito
851 1273 1038 1355 argumento
1058 1267 1268 1335 Heinsianam

153 1383 365 1449 condemnare
400 1385 600 1469 sententiam,
635 1382 819 1470 Scioppium
849 1388 881 1450 et
910 1382 1173 1449 Brouolrhusium
1203 1402 1269 1448 uno

152 1515 251 1564 versu
275 1496 456 1563 Catulliano
479 1498 556 1562 niti:

242 1658 305 1726 Sed
327 1679 522 1746 quamquam
544 1678 596 1725 me
618 1663 712 1725 nocte
734 1663 884 1744 premunt
906 1659 1041 1746 vestigio
1063 1658 1185 1744 dirum,

152 1837 187 1902 in
223 1857 288 1923 quo
319 1837 400 1902 nihil
430 1842 479 1903 est
507 1837 665 1922 praesidii.
696 1837 891 1904 Premere
913 1841 945 1904 et
967 1838 1132 1903 calcare
1155 1839 1197 1920 (et
1219 1837 1270 1904 his
1386 1898 1388 1903 Α

154 1952 270 2018 similia
300 1950 407 2035 verba)
430 1951 565 2037 pedibus
588 1953 656 2018 sive
678 1951 794 2037 plantis
818 1952 897 2038 quid
920 1954 962 2018 sit
984 1952 1190 2038 perspicuum
1213 1955 1271 2036 est,

153 2066 210 2131 sed
240 2067 324 2133 inter
352 2066 410 2131 illa
440 2071 471 2131 et
502 2067 752 2153 contingere
781 2067 913 2134 interest
936 2067 1066 2152 aliquid,
1089 2070 1126 2132 ut
1148 2068 1270 2152 opinor.

50 2172 53 2177 ’
154 2178 345 2265 Contingere
374 2180 459 2245 enim
491 2184 522 2246 et
552 2181 709 2266 attingere
731 2185 816 2247 recte
838 2182 967 2247 demum
990 2183 1016 2246 ii
1039 2181 1191 2246 dicemur
1214 2182 1270 2267 qui

154 2293 240 2379 quod
279 2293 376 2378 longe
411 2297 569 2358 remotum
603 2299 652 2360 est
687 2295 876 2379 petiverunt,
912 2295 969 2379 qui
1002 2313 1078 2379 ergo
1113 2294 1271 2380 bracchio,

153 2428 256 2493 crura,
277 2408 396 2473 collum
420 2409 642 2494 extenderunt,
665 2415 696 2475 et
719 2410 775 2494 qui
798 2410 922 2495 ingenti
945 2409 1085 2475 exsultat
1102 2410 1221 2495 gaudio
1240 2411 1271 2476 is

153 2520 215 2587 sibi
246 2522 379 2588 volitem
413 2522 540 2587 ridetur
574 2527 605 2588 et
639 2522 743 2588 sidera
778 2527 908 2608 tongere
942 2524 1010 2589 sire
1044 2524 1172 2608 vertice,
1201 2525 1269 2590 sive

152 2636 311 2720 menibus
345 2637 402 2703 sed
431 2637 543 2722 capite,
573 2641 610 2703 ut
642 2639 763 2723 opinor,
793 2639 828 2702 in
859 2639 983 2704 coelum
1006 2657 1072 2703 non
1094 2640 1269 2704 interram

154 2769 317 2817 converso.
347 2749 450 2828 Quem
480 2755 587 2816 autem
619 2751 673 2816 alii
704 2752 799 2817 etiam
823 2752 1000 2818 attulerunt
1022 2750 1117 2818 Statii
1139 2772 1268 2820 versum

152 2865 190 2950 (I,
214 2867 244 2950 2,
269 2866 362 2949 212):

283 3028 335 3095 Ire
356 3028 430 3114 polo
452 3029 637 3114 nitidosque
656 3049 761 3095 errare
782 3049 839 3115 per
861 3049 939 3097 axes
971 3030 976 3115 Ι
1006 3032 1107 3117 risus,

151 3205 303 3270 ismulto
327 3206 422 3271 etiam
445 3226 465 3270 a
489 3209 599 3271 nostro
622 3206 692 3272 loco
716 3207 849 3272 alienior
871 3211 929 3274 est.

197 3319 223 3404 Ι,
248 3321 277 3405 9,
300 3320 351 3385 29.
380 3318 512 3387 Deridet
539 3324 631 3405 poite
653 3322 791 3386 amicum
817 3322 874 3407 qui
896 3341 930 3388 se
953 3322 1042 3388 nullo
1065 3325 1154 3409 tangi
1176 3341 1270 3408 posse

152 3452 260 3499 amore
281 3435 463 3500 iactaverit:
487 3435 576 3501 venit
599 3436 684 3500 enim
707 3436 809 3501 Amor
832 3441 863 3503 et
885 3437 1001 3503 misero
1021 3438 1117 3503 struit
1127 3438 1268 3504 insidias.

155 3546 289 3630 „Nunc”
311 3549 357 3613 ait
381 3550 536 3633 „pristina
561 3548 683 3634 depone
705 3550 812 3616 studia
835 3553 866 3615 et
889 3549 1072 3616 Mimnermi
1089 3552 1192 3618 instar
1202 3571 1271 3627 car,-

152 3662 239 3727 mino
269 3681 423 3747 compone
452 3664 622 3746 amatoria3
646 3684 822 3749 numquam
844 3666 931 3730 enim
954 3669 985 3732 te
1007 3666 1108 3731 Amor
1130 3685 1270 3733 vacuum

152 3794 222 3842 esse
255 3778 410 3862 patietur3
446 3797 552 3863 neque
586 3797 624 3844 ea
654 3778 713 3844 tibi
743 3778 953 3846 confidentiae
984 3799 1081 3846 causa
1111 3782 1270 3866 estquod

152 3895 262 3974 parata
297 3890 355 3956 tibi
390 3891 432 3956 sit
465 3892 589 3976 puella:
626 3897 696 3958 tum
732 3894 818 3959 enim
854 3914 956 3978 quum
993 3898 1029 3959 tu
1063 3894 1117 3959 illa
1150 3896 1270 3980 potitus

154 4024 224 4071 esse
258 4003 317 4070 tibi
351 4005 510 4072 videberis
543 4007 599 4073 illa
629 4025 740 4073 revera
769 4012 801 4072 te
832 4009 933 4093 potita
955 4010 1022 4074 erit
1046 4007 1135 4074 Neve
1159 4009 1269 4075 credas

152 4122 222 4184 tum
246 4119 304 4185 tibi
327 4120 480 4186 Amorem
502 4122 569 4187 fore
591 4122 716 4188 facilem
740 4143 841 4208 quum
862 4143 937 4208 prae
956 4128 1012 4188 tua
1030 4124 1268 4208 puellaceteras

154 4253 264 4300 omnes
287 4236 514 4320 contempseris
535 4236 788 4322 neglexerisque.
812 4236 847 4303 Is
869 4238 953 4303 enim
977 4238 1079 4303 Amor
1101 4243 1150 4304 est
