2954 5130
662 518 723 584 101

265 703 283 768 Ι
304 722 385 789 puer
406 707 503 789 atque
525 704 633 789 aliqua
656 706 742 770 citus
764 705 842 770 haec
863 722 1004 789 propone
1027 705 1176 769 columna

308 817 350 883 nt
373 817 540 883 dominum
562 816 718 902 Esquiliis
742 818 844 884 scribe
867 817 1009 884 habitare
1030 823 1132 883 tuum.

177 965 239 1031 His
271 965 377 1031 verbis
407 965 474 1050 (IV,
498 967 550 1049 23,
573 967 615 1031 23
640 968 698 1051 sq.)
721 985 850 1032 servum
873 968 906 1031 in
928 967 1035 1032 forum
1058 968 1154 1032 mittit
1176 967 1254 1032 Pro-

132 1081 255 1166 pertius
286 1079 403 1144 amisso
435 1078 542 1144 libello
574 1079 669 1164 pleno
693 1079 732 1145 de
756 1077 893 1162 Cynthia
917 1080 1158 1146 versiculorum.
1182 1080 1254 1146 Hoc

133 1196 218 1260 enim
253 1194 369 1259 damno
402 1194 542 1279 graviter
571 1193 708 1259 afflictus
740 1215 759 1259 a
790 1193 966 1259 viatoribus
996 1197 1075 1279 petit
1100 1200 1144 1281 ut,
1168 1196 1253 1261 siin

132 1309 224 1373 illum
247 1307 400 1392 incidant,
423 1307 551 1372 domino
574 1326 648 1374 eum
670 1308 801 1373 reddere
820 1308 920 1374 velint
941 1310 1253 1393 etmagnumreddi-

132 1427 205 1487 turo
228 1423 375 1508 proponit
397 1423 584 1509 praemium.
606 1421 644 1486 Id
670 1440 743 1486 vero
763 1422 929 1506 scripsisse
947 1427 1072 1506 poetam
1094 1423 1253 1488 viridooti

133 1543 264 1603 censent
287 1556 460 1604 memorem
482 1536 668 1618 Horatiani:

264 1687 384 1772 Ipner
405 1691 502 1772 atque
527 1705 597 1751 meo
621 1688 705 1751 citus
728 1686 806 1752 haec
829 1686 994 1752 subscribe
1017 1686 1133 1753 libello.

176 1839 345 1925 Equidem,
378 1840 493 1923 hercle,
524 1840 656 1904 minime
687 1841 785 1904 miror
814 1840 846 1904 in
880 1837 967 1922 urbe,
990 1837 1047 1904 ubi
1068 1839 1135 1906 fere
1157 1858 1252 1905 nemo

132 1955 253 2019 civium
283 1958 347 2019 tam
373 1972 495 2038 pauper
518 1957 602 2018 esset
626 1954 703 2037 quin
728 1973 830 2018 unum
852 1952 1009 2018 famulum
1032 1951 1171 2036 haberet
1195 1952 1253 2018 ubi

133 2067 283 2132 dominus
304 2066 462 2132 famulum
486 2087 582 2132 suum
607 2066 673 2132 fere
696 2086 864 2150 nunquam
888 2065 950 2131 alio
974 2065 1130 2130 vocabulo
1155 2086 1251 2150 quam

131 2181 187 2246 illo
209 2201 312 2266 puer
337 2181 459 2266 alloqui
484 2180 607 2264 soleret,
631 2181 687 2246 ubi
711 2181 849 2265 denique
873 2180 972 2245 eundi
995 2179 1129 2245 verbum
1152 2183 1251 2266 impe·

133 2296 270 2361 nativum
296 2296 425 2361 haberet
447 2296 469 2382 i,
494 2297 673 2361 sexcenties
698 2294 839 2379 quotidie
860 2294 948 2359 istud
970 2294 982 2357 i
1005 2313 1107 2378 puer
1130 2295 1251 2360 dictum

132 2428 219 2491 esse;
252 2415 283 2475 et
313 2410 340 2474 si
363 2428 474 2474 omnes
497 2408 570 2473 libri
594 2429 612 2472 a
634 2407 788 2473 Romanis
812 2409 921 2492 scripti
944 2407 984 2472 ad
1007 2428 1066 2473 nos
1089 2410 1251 2492 pervenis-

132 2528 211 2607 sent,
236 2523 321 2588 haud
345 2522 472 2600 difficile
495 2528 579 2588 esset
602 2522 723 2607 aliquot
748 2522 835 2586 milia
858 2521 1006 2606 colligere
1028 2523 1170 2587 locorum
1194 2521 1251 2586 ubi

132 2657 169 2704 ea
202 2638 300 2703 verba
339 2639 539 2724 legerentur;
576 2637 631 2702 sed
667 2637 795 2702 difficile
829 2641 913 2701 esset
946 2639 1030 2701 inter
1062 2636 1135 2702 illos
1170 2637 1250 2702 duos

130 2754 267 2837 reperire
301 2752 359 2817 ubi
393 2752 556 2817 diversum
586 2750 739 2817 haberent
769 2769 909 2816 sensum.
942 2749 1035 2827 Quod
1068 2751 1121 2815 hio
1143 2757 1249 2817 tamen

131 2866 253 2931 accidit
285 2864 348 2942 Qui
373 2867 458 2930 enim
481 2865 604 2950 aliquid
628 2866 735 2930 amisit
758 2867 893 2949 eiusque
915 2865 1125 2950 recuperandi
1147 2867 1250 2950 gratia

130 2978 286 3064 populum
309 2979 475 3043 certiorem
497 2978 573 3043 facit
596 2980 670 3064 quis
693 2978 843 3044 dominus
867 2981 917 3062 sit,
942 2979 998 3043 ubi
1020 2979 1150 3063 habitet,
1163 2981 1249 3065 quod

132 3093 174 3157 sit
206 3091 353 3156 futurum
382 3094 560 3177 praemium
592 3093 621 3157 ei
645 3093 702 3177 qui
724 3092 848 3176 referat,
871 3094 900 3158 is
922 3111 1034 3158 revera
1055 3112 1192 3177 puerum
1215 3095 1250 3158 in

129 3205 236 3270 forum
270 3206 368 3269 mittit
399 3206 455 3289 qui
485 3224 522 3270 ea
553 3207 660 3270 omnia
690 3207 741 3271 vel
763 3225 841 3270 roco
865 3227 981 3291 magna
1003 3208 1118 3273 clamet
1141 3209 1192 3273 vel
1213 3211 1250 3273 in

131 3320 251 3404 pariete
273 3319 462 3386 columnare
482 3323 639 3386 aterrimis
659 3321 776 3387 scribat
794 3323 902 3387 literis.
914 3322 1127 3387 Horatianum
1141 3329 1248 3388 autem

132 3434 253 3499 dictum
269 3433 471 3499 acerbitatem
485 3435 644 3520 quandam
658 3435 752 3501 habet
764 3443 795 3501 et
808 3443 1024 3521 contemptum
1037 3437 1123 3502 haud
1134 3438 1248 3502 levem.

132 3547 232 3634 Saepe
266 3551 352 3614 enim
386 3549 531 3615 hodierni
563 3570 692 3636 quoque
721 3552 876 3636 homines,
898 3554 926 3617 si
949 3554 1129 3618 adversario
1153 3555 1250 3618 alicui

131 3660 319 3727 maledicere
342 3663 467 3746 volunt,
489 3683 553 3727 non
577 3665 670 3730 illum
694 3668 802 3750 ipsum
826 3666 946 3750 alloqui
969 3686 1003 3732 se
1027 3668 1181 3731 simulant
1193 3668 1249 3733 sed

131 3776 231 3841 ahum
262 3776 422 3861 quendam
453 3777 493 3842 ad
524 3796 598 3842 eum
627 3777 740 3843 famuli
770 3779 871 3844 instar
893 3781 1018 3845 mittere
1043 3781 1099 3864 qui
1123 3782 1249 3845 nuntiet

131 3909 232 3974 pauoa
254 3888 341 3954 haud
364 3888 447 3954 bona
471 3890 574 3964 verba.
594 3891 695 3975 Finge
714 3892 810 3957 alicui
831 3911 848 3957 e
866 3892 1100 3978 philologorum
1113 3912 1247 3960 numero

131 4005 269 4068 amicum
304 4005 436 4069 recitare
471 4004 595 4070 doctam
627 4006 766 4091 aliquam
799 4009 1098 4073 commentationem
1121 4008 1248 4093 plenam

130 4115 295 4182 abstrusae
329 4118 495 4183 cuiusdam
527 4120 700 4203 sapientiae
730 4125 762 4184 et
792 4140 828 4185 eo
860 4123 1009 4205 scriptam
1043 4141 1189 4187 sermone
1212 4129 1248 4189 ut

131 4228 187 4294 libi
220 4248 278 4316 per
307 4234 433 4296 noctem
462 4233 497 4296 in
528 4232 635 4317 aliquo
666 4252 770 4299 errare
784 4233 973 4325 ‘labyrintho
996 4236 1143 4322 videaris,
1168 4238 1245 4323 quid
