2954 5130
707 512 771 576 109

162 701 281 770 -Semel
315 706 441 768 tantum
475 701 514 766 de
547 701 704 766 honore
738 700 841 785 poetis
876 699 982 765 debito
1013 699 1117 786 deque
1147 699 1296 765 invida

177 818 304 884 turba
326 818 471 903 loquitur
493 815 560 901 (IV,
585 817 614 901 1,
638 815 678 878 21
704 817 778 900 sq.):

311 980 357 1045 At
378 981 458 1045 mihi
482 979 569 1065 quod
590 980 665 1043 vivo
686 978 862 1044 detraxerit
884 978 995 1044 invida
1016 976 1120 1060 turba,

355 1093 433 1158 Post
455 1092 580 1158 obitum
604 1092 725 1176 duplici
747 1091 856 1157 fenore
878 1091 991 1156 reddet
1014 1090 1136 1156 Honos.

223 1266 285 1332 Sed
308 1266 506 1352 imprudenti
529 1267 559 1331 ei
582 1266 740 1332 excidisse
762 1265 810 1329 illi
833 1285 948 1331 versus
972 1265 1139 1348 videntnr3
1166 1263 1299 1330 mirifice

178 1383 265 1446 enirn
289 1386 411 1446 certant
434 1400 508 1446 cum
532 1381 573 1445 iis
597 1381 654 1465 qui
678 1399 755 1444 mox
778 1379 844 1463 (55)
865 1386 1062 1463 sequuntur:

312 1541 498 1627 Fortunata,
521 1561 592 1608 meo
616 1543 710 1628 siqua
733 1561 768 1607 es
792 1541 949 1607 celebrata
968 1540 1093 1606 libello!

358 1654 508 1720 Carmina
529 1661 627 1722 erunt
648 1655 769 1720 formae
793 1659 840 1720 tot
865 1655 1062 1719 monimento
1085 1660 1168 1737 tuae,

181 1848 199 1896 e
235 1830 352 1915 quibus
387 1849 501 1896 rerum
537 1829 740 1915 Propertium
775 1831 1006 1915 cognoscimus.
1055 1829 1108 1894 lili
1148 1829 1234 1894 enim
1267 1830 1302 1892 in

181 1949 371 2029 argumento
401 1948 478 2009 sunt
512 1944 636 2025 omnia3
674 1944 762 2028 quod
796 1945 825 2008 si
859 1945 893 2007 in
928 1944 1032 2029 ipsius
1063 1947 1174 2028 pottae
1197 1947 1304 2009 mente

181 2062 294 2122 natum
315 2062 371 2141 est,
395 2056 435 2122 de
456 2057 511 2121 illo
535 2062 650 2141 cantat,
670 2058 826 2124 iudicium
846 2057 1013 2122 hominum
1033 2058 1080 2121 nil
1099 2062 1198 2122 curat.
1210 2057 1304 2123 Eius·

183 2170 271 2235 modi
304 2176 395 2256 podta
431 2171 470 2236 de
501 2176 569 2236 crte
599 2173 721 2256 politica
753 2172 928 2236 doctrinam
960 2172 1065 2254 tradit,
1100 2190 1184 2255 quae
1208 2171 1304 2236 unice

182 2303 260 2350 vera
271 2289 327 2368 est,
339 2287 483 2350 omnium
495 2286 688 2371 populorum
701 2287 910 2371 omniumque
922 2289 1062 2350 aetatum
1075 2284 1128 2369 (Π,
1142 2286 1199 2368 1,3
1212 2287 1302 2370 sqq.):

319 2447 392 2512 Non
416 2449 494 2514 haec
518 2448 666 2535 Calliope,
688 2469 754 2514 non
776 2449 855 2514 hoec
878 2449 957 2512 mihi
980 2452 1085 2513 cantat
1104 2447 1229 2534 Apollo,

362 2561 535 2648 Ingenium
559 2563 654 2629 nobis
676 2565 746 2649 ipsa
767 2563 873 2648 puella
895 2563 979 2629 facit.

321 2674 395 2741 Sive
420 2676 508 2759 lyrae
531 2696 660 2743 carmen
684 2677 792 2762 digitis
814 2678 973 2762 percussit
996 2676 1129 2742 eburnis

364 2789 530 2876 Miramur,
552 2792 663 2857 faciles
684 2797 722 2857 ut
744 2797 867 2878 premat
889 2797 956 2857 arte
980 2812 1113 2857 manus:

320 2903 385 2971 Seu
409 2906 476 2970 vidi
501 2906 540 2971 ad
562 2907 699 2973 frontem
723 2926 849 2991 sparsos
873 2926 979 2972 errare
1001 2907 1142 2991 capillos,

365 3018 490 3085 Gaudet
512 3019 649 3085 laudatis
671 3021 718 3085 ire
743 3019 880 3104 superba
903 3022 1011 3085 comis.

183 3131 187 3136 ’
320 3131 394 3198 Sive
416 3117 504 3199 illam
526 3133 600 3200 Cois
622 3135 797 3220 fulgentem
820 3134 967 3219 incedere
994 3135 1107 3218 coccis,
1236 3164 1240 3174 ¹

364 3247 436 3313 Hoc
458 3253 561 3314 totum
586 3268 603 3314 e
627 3247 691 3314 (loa
714 3253 802 3315 veste
825 3250 978 3314 volumen
1000 3249 1076 3314 erit:

322 3360 385 3426 Seu
410 3381 484 3427 cunr
507 3367 673 3448 poscentes
696 3382 846 3427 somnum
870 3362 1007 3428 declinat
1030 3363 1155 3448 ocellos,

365 3473 500 3540 Invenio
525 3496 639 3541 causas
663 3476 751 3542 mille
774 3481 867 3562 postu
889 3495 1007 3542 noras:

323 3587 387 3654 Seu
411 3589 498 3654 nudo
522 3595 628 3675 erepto
652 3609 779 3656 mecum
802 3590 945 3655 luctatur
966 3590 1095 3674 amictu,

365 3702 447 3768 Tum
469 3722 546 3768 vero
571 3704 684 3789 longas
708 3703 876 3769 condimus
899 3703 1035 3769 Iliadas:

325 3814 390 3882 San
414 3816 571 3901 quidquid
593 3816 669 3882 fecit
692 3818 790 3882 sivest
813 3818 1030 3903 quodcunque
1052 3818 1159 3882 locuta

370 3929 513 3995 Maxima
535 3931 574 3996 de
596 3931 696 3996 nihilo
720 3932 863 3996 nascitur
885 3932 1024 3996 historia.

240 4104 340 4171 Cuius
371 4106 559 4192 primarium
587 4112 635 4172 est
658 4109 822 4193 egregium
844 4107 924 4173 illud
949 4108 1168 4193 ingenium
1191 4109 1312 4175 nobis

193 4223 287 4307 ipsa
319 4221 463 4307 puella
494 4221 608 4287 facit
641 4221 756 4288 Oonfer
784 4242 871 4288 nunc
894 4242 968 4288 cum
991 4224 1047 4288 illo
1070 4243 1183 4292 vorsus
1204 4225 1312 4291 libul-
