2954 5130
759 492 802 555 84

223 684 332 742 emant
362 680 490 763 penitus
520 698 709 763 cognoscere
732 678 861 742 student
883 680 1071 763 priusquam
1094 679 1135 743 ed
1158 699 1272 744 versus
1293 679 1341 742 fa-

223 793 352 857 ciendos
387 797 555 857 transeant.
590 791 652 857 Sed
687 793 744 877 qui
774 811 811 857 ea
835 791 977 856 ambulat
999 810 1106 857 errare
1129 813 1194 857 non
1217 798 1338 876 potest;

221 906 249 970 is
274 906 351 990 quid
376 905 450 970 velit
472 905 570 991 probe
593 907 700 986 novit3
724 907 769 969 ita
790 910 884 989 polite
907 905 963 989 qui
984 904 1088 970 fectus
1112 911 1161 970 cst
1182 907 1222 970 iis
1241 905 1339 970 rebus

223 1019 343 1104 quibus
378 1019 458 1084 alios
488 1021 680 1085 commoveri
703 1021 792 1103 cupit
813 1021 926 1084 ceteris
949 1019 1098 1084 omnibus
1120 1025 1340 1084 commovetur

222 1135 332 1218 magis.
375 1131 468 1210 Quod
501 1134 529 1198 si
561 1135 634 1218 quis
668 1132 855 1198 Latinarum
888 1134 1053 1198 literarum
1088 1135 1216 1199 nescius
1249 1141 1342 1219 roget

220 1248 363 1331 possitne
397 1253 429 1313 et
459 1265 496 1311 ea
528 1265 611 1331 quae
640 1248 757 1312 sentiet
779 1246 950 1332 eleganter,
970 1249 1118 1332 graviter,
1141 1253 1214 1332 epto
1237 1267 1339 1313 enun-

220 1361 300 1424 tiare
324 1358 490 1445 Virgilius,
513 1361 684 1425 recitemus
707 1362 737 1425 ei
757 1361 911 1425 eximium
932 1362 1038 1425 locum
1059 1380 1125 1445 quo
1143 1362 1336 1426 rusticorum

219 1473 348 1538 fortuna
378 1475 595 1558 praedicatum
628 1493 668 1539 no
698 1472 867 1539 Lucretius
891 1474 1020 1559 quidem
1043 1475 1220 1560 quidquam
1245 1474 1340 1540 habet

221 1588 309 1673 qnod
340 1588 389 1652 illi
419 1593 565 1672 praestat
595 1588 637 1653 Et
660 1589 745 1673 quod
769 1589 916 1653 nonnulli
939 1590 1030 1653 aiunt
1056 1595 1177 1654 veteres
1200 1592 1339 1654 amoeni-

219 1707 315 1766 tatem
340 1707 466 1766 tentum
489 1708 622 1767 naturae
644 1721 769 1767 amasse
791 1708 823 1766 et
845 1703 930 1785 egris
954 1703 1119 1787 hortisque
1142 1702 1223 1768 bene
1242 1703 1338 1768 cultis

220 1813 391 1880 delectatos
422 1834 492 1880 esso
515 1817 617 1900 magis
641 1834 736 1899 quam
762 1815 871 1879 densis
894 1815 1048 1880 silvarum
1072 1815 1204 1899 umbris,
1227 1816 1337 1880 arduis

220 1928 393 2012 montibus,
416 1927 561 1993 obscuris
584 1927 728 2010 saltibus,
748 1947 943 2012 quamquam
963 1928 1048 1993 haud
1068 1948 1200 2013 prorsus
1218 1930 1339 1993 iniuria

219 2041 258 2106 ab
288 2042 353 2107 illis
384 2042 596 2126 contenditur,
625 2048 732 2106 tamen
756 2061 820 2105 non
844 2041 883 2105 ab
906 2044 993 2105 omni
1016 2047 1106 2126 parte
1129 2062 1242 2107 verum
1267 2061 1337 2107 esse

219 2157 253 2221 hi
276 2156 405 2241 Virgilii
428 2175 540 2222 versus
564 2157 745 2221 testimonio
770 2175 840 2220 esse
863 2161 1000 2239 possunt
1022 2155 1074 2239 (II,
1097 2157 1161 2220 437
1187 2158 1285 2241 sqq.):

351 2319 394 2384 Et
416 2321 506 2384 iuvat
528 2320 701 2384 undantem
727 2319 816 2384 buxo
840 2325 982 2403 spectare
1005 2317 1160 2401 Cytorum

352 2432 575 2519 Naryciseque
597 2435 677 2518 picis
700 2434 799 2516 lucos,
822 2435 912 2497 iuvet
935 2453 1011 2497 arva
1030 2432 1138 2498 videre

350 2547 424 2612 Non
447 2549 569 2633 rastris,
592 2549 759 2612 hominum
782 2567 847 2612 non
870 2548 929 2612 ulli
953 2547 1094 2612 obnoxio
1122 2566 1224 2612 curae.

263 2720 420 2808 Denique,
443 2742 484 2788 ne
506 2724 624 2809 longus
647 2725 717 2808 sim,
737 2726 810 2809 quis
829 2725 891 2788 iam
913 2726 1020 2790 credat
1032 2725 1190 2789 eiusmodi
1202 2728 1338 2808 poetam,

222 2857 322 2921 quum
342 2837 427 2902 ruris
446 2837 558 2902 laudes
578 2844 727 2922 cantaret,
747 2839 923 2923 quidquam
937 2838 976 2902 eb
988 2838 1122 2903 Horatio
1134 2839 1338 2922 sumpsisse?
