2954 5130
677 496 716 558 71

137 682 347 766 Peerlkampii
377 683 534 747 sententia
559 682 697 746 retinent
719 681 865 746 hodierni
888 681 1043 761 editores3
1068 681 1253 764 rectissime,

137 802 175 861 ut
196 797 316 880 opinor.
340 794 403 862 Sed
426 795 504 880 qnid
528 799 577 861 est
599 814 658 859 cur
681 796 711 860 ei
734 795 811 860 haec
835 794 933 860 verba

779 955 898 1040 quibus

445 1068 516 1135 Mos
540 1070 625 1135 unde
648 1069 804 1135 deductus
827 1088 885 1155 per
907 1089 1001 1135 omne

490 1184 627 1270 Tempus
650 1185 826 1249 Amazonia
851 1186 956 1251 securi

401 1298 539 1366 Dextrae
562 1299 713 1384 obarmet,
736 1318 888 1384 quaerere
912 1300 1031 1383 distuli,

402 1413 469 1479 Nec
493 1415 574 1479 scire
596 1414 645 1479 fas
669 1419 717 1479 est
739 1415 863 1496 omnia3
889 1414 945 1479 sed

139 1591 302 1656 damnanti
325 1589 470 1674 plerique
492 1588 732 1654 assentiantur?
755 1586 841 1652 Num
865 1588 900 1652 hi
921 1592 1010 1653 tanto
1030 1587 1094 1653 illis
1113 1589 1255 1654 suntab·

139 1705 324 1772 surdiores?
365 1703 480 1769 Nonne
514 1708 544 1768 ct
578 1704 641 1788 ipsi
674 1703 855 1786 explicandi
889 1722 985 1766 causa
1021 1707 1097 1767 sunt
1131 1703 1254 1768 additi?

139 1818 325 1904 significare
347 1818 432 1881 enim
455 1817 557 1880 voluit
577 1821 670 1900 podta
692 1815 877 1881 Vindelicos
901 1817 1004 1880 securi
1025 1834 1095 1881 esse
1107 1821 1255 1900 armatos,

139 1939 170 1999 ct
203 1934 238 1997 in
268 1952 305 1997 ea
335 1949 370 1996 re
393 1932 519 2014 magnis
541 1931 722 2014 ineptisquc
742 1949 815 1995 eum
841 1932 889 1994 uti
912 1929 1255 2015 ambagibusminime
1380 2005 1385 2022 Ι

138 2065 229 2132 nego,
253 2046 309 2110 sed
333 2050 365 2111 et
384 2044 459 2109 alibi
478 2045 589 2109 utitur.
612 2043 746 2109 Accedit
769 2044 855 2128 qnod
878 2043 942 2109 illis
962 2043 1073 2109 doletis
1086 2044 1254 2110 vinculum

138 2161 219 2245 perit
254 2178 318 2244 quo
352 2160 404 2223 hic
433 2159 564 2223 minime
594 2176 700 2223 carere
730 2177 910 2242 possumus.
935 2156 1069 2223 Subitus
1092 2159 1178 2223 enim
1200 2158 1254 2223 ille

140 2274 302 2356 transitus,
325 2274 381 2357 qui
404 2277 452 2337 est
472 2273 507 2336 in
530 2273 571 2336 iis
595 2289 677 2355 quae
700 2275 866 2336 remanent

403 2433 521 2499 Videre
544 2431 659 2497 Rhoeti
682 2431 764 2497 bella
787 2430 847 2497 sub
870 2432 1009 2516 Alpibus

402 2545 545 2613 Drusum
568 2550 730 2632 gerentem
752 2544 930 2610 Vindelici:
955 2547 1012 2610 diu

448 2659 591 2744 Lateque
612 2661 759 2725 victrices
784 2663 929 2725 catervae

492 2773 641 2845 Consiliis
663 2775 790 2839 iuvenis
813 2774 952 2839 revictae

404 2888 539 2955 sensere
562 2906 587 2953 e.
601 2908 630 2972 q.
643 2907 667 2952 s.

139 3064 179 3130 ab
203 3065 345 3130 oratione
368 3068 399 3129 et
421 3063 493 3130 stilo
515 3061 692 3128 Horatiano
716 3061 931 3128 alienissimus
955 3081 1025 3128 esse
1044 3062 1179 3128 ridetur.
