2954 5130
782 524 823 586 52

461 706 545 793 Non,
570 710 597 773 si
619 710 740 792 priores
764 708 932 774 Maeonius
954 714 1043 775 tenet
1081 721 1084 731 “

462 820 560 887 Sedes
582 820 753 904 Homerus,
776 821 963 888 Pindaricae
986 822 1086 888 latent

507 933 652 1020 Ceaeque
675 940 707 1001 et
729 936 840 1001 Alcaei
864 938 1004 1002 minaces

550 1046 785 1133 Stesichorique
808 1067 922 1132 316666
945 1048 1110 1133 Camenae,

462 1233 529 1299 Neo
552 1234 659 1318 siquid
682 1235 758 1299 olim
781 1235 859 1300 lusit
883 1236 1051 1302 Anacreon

461 1345 586 1413 Delevit
609 1353 712 1429 aetas3
737 1350 837 1433 spirat
860 1349 964 1415 adhuc
987 1369 1077 1414 amor

504 1459 693 1546 Vivuntque
719 1463 882 1527 commissi
906 1463 1026 1528 calores

551 1575 681 1641 Aeoliae
703 1574 823 1641 fidibus
849 1576 984 1660 puellae.

240 1737 340 1804 Vides
373 1739 528 1805 hactenus
563 1742 722 1805 artissimo
759 1743 866 1805 omnia
901 1742 1069 1807 cohaerere
1104 1741 1241 1806 vinculo.
1274 1738 1357 1818 Quid

242 1857 348 1918 autem
382 1852 551 1937 sequitur?
582 1850 727 1930 Quatuor
758 1855 897 1939 strophis
928 1856 1089 1920 continuis
1112 1854 1195 1919 hano
1218 1853 1359 1919 defendit

242 1968 432 2031 sententiam
455 1971 562 2050 poeta:
590 1965 673 2049 „Res
696 1987 777 2053 quas
800 1966 961 2033 Homerus
985 1970 1128 2034 narravit
1152 1986 1217 2032 non
1237 1968 1359 2033 suntin

243 2100 302 2145 suo
337 2100 452 2166 genere
482 2083 733 2167 antiquissimae,
765 2082 820 2147 sed
844 2103 927 2168 quae
948 2083 1019 2148 illas
1042 2088 1144 2148 aetate
1167 2082 1360 2148 antecedunt

244 2194 412 2260 oblivionis
454 2201 545 2262 nocte
584 2202 784 2281 premuntur,
820 2198 895 2280 quia
930 2202 1002 2262 vate
1035 2197 1237 2262 caruerunt''
1272 2196 1359 2261 Huic

242 2315 347 2373 autem
383 2311 557 2375 sententiae
590 2311 663 2393 quis
694 2309 785 2374 locus
816 2315 889 2394 post
918 2312 1054 2395 priorem
1078 2311 1166 2375 illam
1187 2310 1226 2376 de
1249 2309 1359 2392 lyricis

243 2423 344 2506 poetis
375 2442 441 2487 non
468 2441 543 2508 prae
565 2422 704 2489 Homero
729 2424 992 2489 contemnendis?
1015 2423 1057 2489 Et
1080 2424 1261 2488 cuiusmodi
1284 2428 1360 2489 sunt

242 2542 429 2621 argumenta
453 2536 571 2622 quibus
594 2537 824 2602 confirmatur?
850 2537 961 2602 Dicam
985 2537 1359 2623 aperte1absurdissima

243 2652 275 2714 61
308 2649 466 2715 eiusmodi
499 2654 536 2714 ut
566 2649 655 2715 nullo
686 2652 813 2735 negotio
836 2649 990 2715 infirmari
1014 2656 1045 2716 et
1065 2652 1202 2736 perverti
1225 2651 1360 2736 possint.

242 2761 478 2848 Persequamur
501 2764 639 2849 singula.

291 2876 383 2959 „Non
412 2879 515 2962 prima
544 2876 688 2943 adultera
716 2877 778 2942 fuit
801 2876 956 2942 Helena”
980 2877 1024 2942 At
1048 2880 1132 2943 enim
1154 2897 1236 2962 quae
1260 2878 1300 2942 16
1322 2897 1360 2944 66

246 2995 353 3055 narrat
374 2990 534 3057 Homerus
557 3010 622 3055 non
646 2990 802 3056 eiusmodi
827 2995 903 3056 sunt
926 2996 963 3055 ut
984 2992 1169 3075 praesertim
1193 2990 1358 3075 culpam

246 3105 316 3169 eius
339 3109 370 3170 et
393 3105 676 3170 malefactum
699 3106 733 3168 in
757 3106 841 3168 clara
862 3123 980 3189 ponere
1003 3103 1075 3168 luce
1095 3104 1176 3169 velle
1196 3104 1359 3169 videatur:

247 3218 420 3285 debello
444 3219 483 3283 ob
507 3238 576 3284 eam
599 3223 688 3302 36616
713 3222 830 3303 narrat,
852 3217 891 3283 de
909 3219 979 3302 ipsa
998 3235 1069 3280 1616
1089 3218 1360 3302 loquitur,neque

247 3338 409 3417 tamquam
440 3333 479 3398 de
509 3331 651 3396 adultera
682 3331 737 3397 661
760 3336 922 3414 tamquam
946 3331 1133 3416 dignissimo
1156 3331 1238 3394 tanti
1260 3336 1360 3395 certa·

247 3448 343 3511 minis
364 3447 473 3531 pretio.
498 3444 560 3512 Sed
579 3445 639 3509 hoo
659 3447 833 3510 mittamus.
852 3444 967 3509 Nonne
986 3450 1053 3509 tota
1064 3444 1118 3507 illa
1138 3444 1359 3510 adulterae

248 3562 365 3627 mentio
387 3562 493 3645 inepte
515 3561 549 3623 in
572 3559 631 3624 hac
654 3561 893 3625 enumeratione
915 3558 1068 3643 ponitur?
1088 3557 1254 3642 Exemplis
1274 3560 1359 3623 enim

248 3674 522 3739 demonstraturus
545 3678 593 3738 661
615 3677 707 3757 poeta
729 3691 747 3736 6
753 3673 924 3758 3163166
946 3673 1062 3736 viros
1082 3673 1137 3756 qui
1157 3669 1360 3736 anteHome·

247 3806 320 3851 rum
342 3789 482 3853 vixerint
503 3787 636 3872 posteris
660 3791 752 3851 notos
776 3806 845 3852 esse
868 3805 933 3850 non
952 3787 1096 3871 potuisse
1116 3787 1191 3870 quia
1210 3785 1360 3850 laudes

248 3919 357 3965 eorum
381 3902 511 3966 anullo
535 3905 626 3985 poeta
650 3906 757 3965 essent
781 3900 963 3966 celebratae.

216 4043 221 4054 ·
295 4013 385 4095 „Non
418 4014 558 4081 Teucer’'
589 4015 713 4099 primus
748 4015 829 4095 „tela
860 4013 1002 4095 Cydonio
1026 4013 1143 4079 direxit
1166 4012 1273 4078 arcu.'’
1296 4013 1361 4079 Lu-

246 4125 357 4193 benter
392 4128 494 4211 credo,
527 4128 583 4194 sed
617 4127 694 4212 quid
725 4127 820 4192 tum?
852 4126 980 4213 Ergone
1010 4129 1066 4212 qui
1098 4133 1171 4192 ante
1200 4127 1358 4192 Teucrum

247 4242 365 4329 egregii
396 4241 527 4307 fuerunt
560 4243 713 4328 sagittarii
747 4243 814 4306 noti
844 4243 908 4307 iam
938 4262 1004 4307 non
1034 4242 1134 4308 sunt?
1157 4241 1260 4307 Immo
1283 4261 1359 4309 1616
