2954 5130
699 490 762 554 123

223 675 282 741 Est
304 676 356 740 hic
378 675 556 740 versiculus
579 694 597 742 e
619 675 816 741 iocosissima
837 674 893 738 illa
912 673 952 739 ad
970 672 1135 756 Lynceum
1154 674 1292 739 amicum

179 791 321 877 epistola,
352 810 446 875 quem
479 809 589 855 severa
619 791 784 859 literarum
806 795 837 855 et
859 789 1076 875 philosophiae
1099 789 1205 853 studia
1228 807 1293 853 uon

180 906 258 970 satis
294 910 404 969 contra
439 904 609 986 Cynthiam
644 905 778 988 eiusque
811 905 936 988 patroni
959 902 1125 987 Cupidinis
1149 901 1294 967 defende·

178 1021 244 1085 rint
261 1039 371 1093 ,arma
402 1018 470 1082 Vix
502 1019 678 1103 quidquam
710 1037 762 1083 me
783 1019 839 1082 illa
862 1019 995 1083 suavius
1017 1017 1122 1102 legere
1145 1017 1293 1097 memini;

178 1133 239 1196 hoc
269 1131 340 1196 dico
369 1135 401 1198 et
431 1137 558 1216 propter
587 1119 707 1198 ceteros
734 1131 885 1216 epistolae
908 1131 1030 1215 lepores
1054 1136 1086 1195 et
1109 1130 1294 1214 praesertim

177 1247 228 1310 his
252 1245 369 1311 ductus
392 1245 539 1310 versibus
565 1246 618 1328 (15
643 1249 741 1330 sqq.):

309 1406 352 1472 'le
375 1409 498 1473 socium
519 1409 613 1491 vitae,
637 1413 668 1473 te
690 1409 830 1493 corporis
853 1426 924 1473 esse
946 1406 1060 1490 licebit,

355 1520 398 1587 Te
420 1522 585 1586 dominum
609 1521 740 1587 admitto
763 1521 868 1605 rebus,
892 1522 1001 1605 amice,
1024 1522 1120 1586 meis:

312 1633 407 1699 Lecto
431 1639 463 1699 te
485 1634 599 1717 solum,
621 1635 702 1699 lecto
726 1640 758 1700 te
782 1636 934 1720 deprecor
956 1653 1039 1699 uno:

355 1746 499 1812 Rivalem
521 1766 653 1832 possum
676 1767 741 1812 non
765 1767 823 1832 ego
847 1747 929 1812 ferre
951 1746 1072 1831 Iovem,

181 1925 419 2007 salsissimaque
442 1922 658 1988 admonitione
680 1924 731 2004 (41
759 1924 855 2007 sqq.):

311 2083 430 2151 Desine
454 2090 485 2150 et
507 2084 687 2167 Aeschyleo
711 2103 900 2170 componere
924 2083 1021 2149 verba
1043 2084 1199 2149 cothurno

355 2196 484 2282 Desine,
508 2204 538 2264 et
562 2197 603 2262 ad
627 2198 739 2264 molles
761 2198 905 2264 membra
928 2199 1051 2263 resolve
1073 2199 1195 2263 choros.

313 2310 422 2396 Incipe
445 2313 509 2376 iam
531 2317 668 2397 angusto
690 2330 804 2377 versus
827 2312 981 2376 incudere
1003 2318 1106 2397 torno,

357 2423 461 2510 Inque
482 2430 556 2491 tuos
579 2427 680 2510 ignes,
705 2424 785 2491 dure
807 2429 909 2510 poeta,
932 2426 1016 2490 veni

643 2716 835 2726 ———

225 2957 288 3023 Sed
323 2959 470 3042 quamvis
505 2959 547 3022 sit
581 2955 662 3022 levis
698 2954 842 3039 Cynthia,
877 2956 1025 3040 quamvis
1059 2973 1152 3040 saepe
1181 2960 1297 3039 peccet,

180 3077 300 3161 umen.
312 3077 362 3137 est
383 3069 563 3151 ζηλοτύποςε
586 3070 668 3135 illud
687 3071 757 3136 eius
775 3071 890 3135 vitium
908 3071 1105 3135 iocosissima
1118 3070 1297 3135 narratione

181 3191 274 3270 poeta
308 3185 465 3251 describit
498 3183 615 3248 Narrat
645 3185 730 3249 enim
763 3203 797 3249 se
826 3182 1048 3269 frequentibus
1072 3181 1226 3265 Cynthiae
1248 3183 1297 3246 in·

181 3300 274 3365 iuriis
297 3297 522 3363 exacerbatum
549 3297 625 3361 alibi
648 3297 796 3362 solatium
821 3298 1027 3382 quaesivisse,
1051 3315 1150 3380 seque
1172 3295 1297 3361 duabus

182 3433 316 3498 magnae
339 3415 372 3477 in
395 3412 474 3478 urbe
496 3411 598 3476 famae
623 3412 822 3477 mulierculis
844 3412 987 3476 invitatis
1010 3410 1111 3476 hilare
1129 3428 1298 3495 apparasse

182 3528 377 3610 convivium,
412 3545 476 3610 quo
510 3544 604 3590 curas
639 3525 738 3589 animi
772 3524 910 3608 pelleret.
943 3523 1016 3589 Non
1048 3528 1155 3587 nmen
1184 3521 1240 3586 illo
1263 3541 1298 3587 se

181 3642 349 3726 pristinam
372 3657 558 3722 recuperare
577 3639 720 3722 potuisse
739 3637 899 3720 laetitiam,
919 3637 975 3702 sed
987 3636 1112 3722 plenam
1126 3635 1298 3701 sibifuisse

183 3759 320 3818 mentem
356 3752 505 3816 instantis
537 3751 674 3815 alicuius
704 3749 849 3834 periculi.
874 3749 956 3814 Tum
985 3748 1092 3814 subito
1115 3747 1298 3833 potantibus

183 3869 337 3951 convivis,
367 3864 579 3948 cantantibus,
610 3863 861 3930 saltantibus-
888 3864 969 3928 nihil
998 3865 1082 3928 enim
1105 3865 1296 3928 intentatum

182 3979 407 4066 relinquebant
440 3979 576 4045 feminae
608 3983 645 4044 nt
675 3982 800 4064 potitam
831 3975 977 4043 tristibus
1001 3978 1159 4062 eriperent
1182 3977 1299 4060 cogita-

183 4096 325 4162 tionibus
349 4133 391 4142 —
414 4094 517 4160 furiae
539 4096 641 4160 instar
663 4094 817 4177 irrupisse
837 4090 1015 4174 Cynthium,
1028 4090 1300 4174 mensas,pocula,

185 4213 332 4277 lucernas
365 4211 527 4293 evertisse,
560 4210 594 4273 in
624 4208 753 4293 pollices
782 4206 952 4290 involasse,
982 4204 1156 4290 tibicinem,
1177 4224 1298 4269 nanum
