2954 5130
557 1495 722 1572 CAPUT
750 1494 989 1570 TERTIUM.

263 2041 321 2124 „In
356 2044 469 2108 eiusne
504 2059 579 2125 ergo
610 2037 827 2103 carminibns''
859 2039 904 2103 ita
926 2039 989 2102 iam
1012 2055 1078 2101 non
1097 2037 1167 2101 sine
1187 2035 1333 2120 indigna-

215 2158 303 2221 tione
334 2158 469 2241 qnadam
501 2154 758 2239 interpellaturos
789 2154 901 2237 opinor
923 2152 1056 2217 lectores
1078 2148 1251 2215 nonnullos
1277 2153 1333 2231 „tu

215 2275 263 2335 tot
297 2275 361 2334 tarn
393 2271 504 2354 gravia
534 2268 593 2332 tibi
617 2267 851 2352 deprehendere
873 2267 965 2331 visus
990 2285 1025 2330 es
1047 2266 1134 2348 vitia,
1157 2282 1274 2329 eumne
1297 2268 1333 2328 tu

216 2382 461 2448 versificatorem
485 2383 710 2466 potiusquam
732 2384 856 2464 poetam
868 2379 1090 2464 appellandum
1104 2397 1225 2460 censes,
1237 2396 1334 2462 quem

215 2515 281 2560 non
316 2495 420 2561 solum
456 2496 624 2579 sequentia
659 2494 824 2558 hominum
860 2492 986 2559 saecula
1019 2493 1143 2557 ardenti
1176 2491 1336 2556 coluerint

215 2608 333 2691 favore,
369 2608 425 2674 sed
456 2609 550 2673 etiam
576 2606 735 2691 aequales,
758 2608 871 2690 optimi
893 2605 931 2671 de
953 2607 1055 2690 poetis
1077 2605 1208 2688 iudices,
1232 2608 1335 2668 tanto·

216 2740 290 2806 pere
325 2722 389 2786 sint
424 2701 566 2786 admirati
603 2726 640 2785 ut
675 2721 817 2785 certatim
849 2724 1014 2803 tamqnam
1044 2718 1196 2783 flosculos
1226 2716 1266 2781 ab
1296 2735 1334 2782 eo

217 2840 380 2926 sumerent
414 2835 533 2920 quibus
566 2834 665 2900 libros
700 2854 777 2901 suos
812 2832 1050 2900 exornarent?”
1083 2832 1157 2898 Non
1188 2851 1239 2898 me
1268 2837 1334 2897 tam

217 2951 330 3034 inique
365 2949 404 3015 de
438 2948 570 3013 Horatio
603 2949 746 3014 iudicare
778 2968 875 3032 quam
909 2967 996 3012 nunc
1020 2950 1114 3012 etiam
1138 2946 1239 3011 videri
1260 2965 1334 3031 pos·

217 3063 277 3128 sim
308 3067 416 3147 postea
451 3061 624 3146 apparebit,
657 3063 713 3127 sed
744 3064 867 3128 etiamsi
898 3068 996 3127 totam
1020 3063 1091 3127 eius
1112 3063 1235 3147 poesim
1259 3080 1335 3126 con-

218 3176 429 3241 demnandam
461 3195 633 3259 censerem,
664 3177 725 3241 isto
757 3181 849 3260 certe,
869 3176 955 3260 quod
979 3196 1020 3242 ex
1044 3176 1227 3261 aequalium
1250 3175 1335 3239 iudi·

218 3291 268 3355 cio
298 3291 428 3375 petitur,
462 3295 649 3375 argumento
685 3290 724 3355 de
760 3292 916 3356 sententia
948 3311 1012 3355 non
1043 3289 1223 3374 depellerer.
1248 3287 1334 3365 Quid

219 3404 305 3488 quod
345 3404 409 3468 nisi
454 3404 565 3468 sedulo
607 3406 819 3469 recentiorum
855 3405 894 3471 de
928 3403 1061 3468 Horatio
1095 3402 1334 3468 lucubrationes

216 3518 456 3603 pervolvissem,
490 3517 577 3582 haud
615 3537 759 3600 unquam
794 3518 874 3606 illud
908 3524 1018 3583 contra
1052 3536 1103 3581 me
1137 3516 1267 3581 allatum
1293 3517 1335 3579 iri

216 3633 493 3716 exspectavissem.
536 3630 618 3695 Nam
661 3631 799 3696 multum
845 3632 974 3715 quidem
1007 3633 1042 3694 in
1078 3632 1179 3715 podtis
1211 3629 1334 3694 Latinis

219 3764 479 3829 consumpseram
521 3746 672 3828 temporis
715 3750 746 3809 et
768 3750 902 3829 ‚partem
937 3763 1047 3810 eorum
1083 3744 1168 3809 haud
1203 3762 1333 3827 parvam

218 3859 365 3924 tenebam
402 3858 563 3939 memoria,
597 3877 762 3942 nunquam
798 3865 903 3924 tamen
929 3896 969 3905 -
995 3878 1036 3925 ne
1071 3859 1148 3944 quid
1183 3859 1333 3923 dissimu·
1417 3876 1420 3882 ·

217 3971 280 4037 lem
317 4007 357 4018 -
394 3972 478 4055 apud
525 3970 627 4036 ullum
670 3972 855 4056 Augusteae
898 3974 1009 4038 aetatis
1044 3977 1168 4058 poetam
1203 3991 1333 4038 versum

122 4112 125 4125 ‚
217 4085 401 4150 inveneram
433 4102 529 4168 quem
560 4084 601 4148 ad
627 4083 797 4149 Horatium
820 4091 983 4170 tamquam
1008 4087 1048 4151 ad
1069 4092 1231 4153 auctorem
1254 4084 1333 4151 refe-

217 4197 354 4264 rendum
389 4200 548 4262 sentirem.
584 4195 706 4273 Quodsi
736 4198 817 4265 forte
848 4200 964 4285 aliquis
995 4199 1102 4265 Ovidii
1130 4201 1330 4299 potissimum
