2954 5130
716 520 757 583 53

182 706 355 775 Herculem
376 712 407 773 et
425 706 586 789 Eurytum
605 707 767 793 aliquanto
779 706 901 773 Teucro
913 707 1102 773 celebriores
1114 726 1184 774 esse
1195 708 1297 775 credo.

186 866 189 871 -
226 821 385 886 Continuo
409 822 572 906 seqnitur:
596 819 689 904 ,Non
709 820 806 886 semel
824 819 902 886 Ilios
913 818 1060 886 vexata”.
1070 818 1184 886 Dicere
1195 821 1298 887 voluit

180 940 281 1020 poeta,
304 940 341 1000 ut
363 936 485 1020 opinor,
509 938 769 1019 expugnata,
792 939 929 1018 capta,
953 934 1009 1000 sed
1033 939 1169 999 metrum
1194 935 1223 1000 ei
1241 954 1297 1001 ex-

181 1049 272 1113 torsit
293 1047 374 1112 illud
398 1052 559 1113 vexata.
583 1046 729 1112 Ridicule
748 1046 876 1125 Teucer,
897 1049 954 1131 qui
965 1047 1050 1132 apud
1061 1046 1240 1114 Homerum
1252 1049 1299 1113 nil

180 1162 248 1226 sine
277 1161 374 1226 fratre
404 1164 517 1246 potest,
541 1180 628 1225 nunc
650 1165 754 1226 totum
778 1160 898 1226 bellum
921 1159 1093 1226 Troianum
1117 1161 1296 1247 urbemque

178 1274 303 1339 Troiam
339 1276 428 1340 solus
458 1293 567 1339 secum
597 1274 700 1339 trahit.
723 1274 765 1339 Et
790 1274 868 1359 quid
892 1273 953 1339 sibi
976 1275 1065 1340 istud
1089 1294 1173 1356 ,non
1198 1275 1296 1341 semel

177 1387 254 1452 Ilios
277 1386 414 1453 rexata''
436 1387 531 1452 vult?
553 1386 696 1451 Primum
722 1407 741 1451 a
763 1386 913 1471 Neptuno
937 1407 1012 1472 ager
1034 1387 1189 1453 Troianus
1201 1390 1294 1473 aquis

179 1501 365 1567 submersus
396 1505 453 1584 est,
479 1500 593 1566 deinde
616 1500 655 1565 ab
678 1500 818 1567 Hercule
841 1505 932 1592 capta
955 1506 1003 1566 est
1025 1501 1112 1586 urbs,
1134 1506 1293 1587 postremo

179 1615 291 1681 urbem
324 1617 441 1681 iterum
475 1618 708 1699 expugnarunt·
735 1632 921 1680 communes
952 1613 1144 1680 Graecorum
1176 1617 1293 1700 copiae.

180 1727 260 1807 Quis
294 1729 354 1794 hoc
387 1729 536 1814 ignorat?
569 1727 681 1810 Nemo,
714 1732 751 1792 ut
780 1729 901 1813 opinor.
931 1728 1071 1813 Apparet
1101 1747 1176 1815 ergo
1198 1731 1293 1795 etiam

180 1844 297 1909 multas
321 1862 372 1908 res
396 1861 478 1928 quae
500 1846 596 1907 ante
619 1844 892 1927 Agamemnonem
916 1847 1091 1915 evenerunt
1110 1843 1296 1908 immortali·

178 1962 276 2022 tatem
301 1957 461 2041 quandam
484 1975 554 2023 esse
579 1961 750 2021 assecutas.

220 2069 387 2136 Habemus
408 2071 508 2154 igitur
520 2075 621 2136 totum
636 2069 758 2135 bellum
770 2069 950 2153 Troianum,
962 2070 1117 2136 habemus
1127 2070 1292 2137 Teucrum.

177 2185 316 2262 Quinam
350 2190 473 2270 praeter
507 2185 598 2250 illum
631 2185 807 2250 afferuntur
837 2189 1001 2270 tamquam
1025 2186 1206 2271 praeclarae
1229 2188 1291 2252 vir·

176 2302 256 2365 tntis
287 2299 455 2384 exempla?
478 2299 505 2363 H
530 2299 658 2365 Graecis
681 2298 873 2364 Idomeneus
897 2319 970 2364 cnm
995 2297 1159 2366 Diomedis
1182 2303 1293 2387 auriga

179 2413 327 2479 Sthenelo
358 2415 402 2494 (in
432 2413 506 2478 libri
528 2412 553 2496 I,
577 2432 602 2477 c.
629 2413 669 2476 15
701 2413 797 2478 simul
819 2410 991 2479 Diomedes
1013 2415 1197 2479 nominatur
1219 2435 1293 2481 cum

178 2527 340 2594 Idomenei
374 2528 485 2612 auriga
518 2526 679 2608 Metione).
712 2525 827 2591 Tribus
860 2527 924 2591 illis
952 2526 1083 2610 Teucro,
1113 2527 1294 2614 Idomeneo,

179 2641 327 2707 Sthenelo
359 2644 532 2727 opponitur
553 2660 571 2707 e
594 2641 737 2706 Troianis
762 2645 885 2726 praeter
906 2641 1075 2707 Hectorem
1098 2640 1293 2729 Deiphobus.

179 2754 269 2832 Quae
291 2775 387 2821 causa
407 2775 477 2822 csse
496 2759 599 2840 potest
619 2775 677 2820 cur
695 2755 743 2820 illi
762 2757 963 2840 potissimum
977 2755 1171 2821 Graecorum
1183 2757 1294 2823 heroes
1350 2736 1353 2742 ⁵

178 2869 358 2953 afferantur,
381 2870 493 2954 quiin
519 2869 619 2935 Diade
642 2869 798 2934 secundas
822 2873 922 2954 agunt
941 2870 1069 2954 partes?
1089 2869 1292 2937 Praeclarum

177 2984 218 3048 ad
240 2983 323 3048 hanc
346 2984 564 3069 quaestionem
589 3002 777 3068 responsum
802 2989 834 3048 et
858 2982 1019 3067 Oedipode
1038 2984 1145 3069 aliquo
1158 2985 1291 3069 dignum

178 3096 262 3181 apud
304 3103 461 3163 recentem
504 3097 663 3181 quendam
701 3097 828 3162 Horatii
861 3099 971 3163 inveni
1004 3104 1292 3167 commentatorem.

181 3209 375 3292 „Varietati”
409 3213 452 3275 ait
486 3210 659 3293 „Horatius
685 3210 840 3276 consulit:
864 3213 961 3277 nimis
984 3213 1069 3277 enim
1092 3215 1155 3277 iam
1180 3213 1293 3278 decan·

179 3329 244 3389 tata
267 3330 343 3407 sunt
364 3325 508 3408 Achillis,
532 3326 650 3408 Aiacis,
672 3323 837 3391 Diomedis
859 3327 1007 3408 nomina;
1030 3326 1140 3393 eodem
1161 3328 1292 3393 consilio

177 3439 309 3505 Hectori
352 3440 440 3504 addit
481 3438 692 3525 Deiphobum,
728 3442 784 3525 qui
819 3446 925 3506 tamen
960 3446 992 3507 et
1026 3441 1110 3527 apud
1144 3440 1290 3524 Dictyem

178 3559 340 3639 tamquam
374 3555 545 3639 primarius
579 3556 629 3618 vir
659 3559 863 3638 memoratur,
894 3557 1024 3621 minime
1056 3560 1111 3640 est,
1142 3557 1175 3621 id
1207 3557 1292 3641 quod

178 3666 418 3752 Peerlkampius
441 3667 526 3749 dicit,
548 3669 709 3732 minorum
728 3666 903 3753 gentium.”
923 3668 1022 3734 Vides
1043 3689 1139 3754 quam
1160 3669 1292 3737 mirifice

178 3783 229 3844 vir
251 3781 373 3863 deutur,
396 3781 474 3845 dum
497 3780 752 3866 Peerlkampium
770 3780 913 3847 refellere
933 3783 1046 3866 studet,
1066 3782 1127 3847 sibi
1139 3781 1292 3869 obloqua-
1396 3776 1399 3782 ⁴

178 3899 238 3959 tur.
272 3893 359 3959 Illud
389 3899 495 3959 tamen
526 3895 565 3960 de
596 3892 760 3980 Deiphobo
792 3897 1006 3979 verissimum,
1037 3899 1094 3981 qui
1116 3898 1202 3983 apud
1225 3897 1292 3963 Ho-

178 4026 301 4073 merum
325 4006 446 4091 (XXII,
469 4010 545 4090 234)
567 4007 698 4074 Hectori
722 4013 770 4074 est
793 4007 869 4073 πολὺ
892 4008 1037 4090 <bilimer

331 4231 446 4307 worda
469 4225 517 4302 οὓς
542 4227 660 4308 Ἑκάβη
685 4229 735 4304 ἡδὲ
757 4228 889 4312 Πρίαμος
912 4230 977 4296 τέκε
1000 4231 1123 4305 παῖδας.
