2954 5130
725 508 768 571 22

178 699 300 784 aliquot
331 695 489 779 indicabo,
521 696 715 780 initiumque
749 692 788 758 ab
820 711 858 758 eo
893 667 1005 756 faciam
1042 690 1128 774 quod
1163 690 1226 753 iam
1260 689 1295 752 in

179 813 283 897 priore
309 812 411 896 capite
432 803 659 894 leviter'attigi
682 813 713 875 et
734 810 779 873 ita
803 811 840 873 ut
862 807 1047 891 primariam
1069 805 1295 890 disputationis

178 928 300 1011 partem
324 924 363 989 ad
388 923 476 989 hunc
498 922 573 989 libri
597 923 660 987 mei
682 922 791 987 locum
813 938 1020 985 reservarem.

223 1036 403 1103 Afferebam
426 1038 511 1101 enim
534 1035 672 1101 alterum
696 1055 716 1099 a
737 1033 1138 1103 Pallavicinioinventum
1160 1048 1297 1095 carmen.

178 1151 331 1238 Spurium
366 1156 471 1218 autom
506 1150 587 1215 illud
621 1168 692 1215 esse
726 1167 791 1213 uno
822 1150 1012 1231 argumento
1044 1151 1109 1210 tam
1132 1149 1219 1209 certo
1244 1145 1297 1210 de-

179 1266 350 1331 monstrari
380 1270 483 1349 potest
518 1269 555 1328 ut
588 1263 678 1329 nulla
715 1263 853 1346 supersit
887 1260 1053 1325 dubitatio.
1085 1258 1178 1336 Quod
1202 1259 1297 1343 quale

180 1380 222 1445 sit
255 1398 315 1444 sno
348 1377 417 1442 loco
453 1377 573 1458 dicam3
598 1376 654 1442 sed
676 1368 817 1460 graviter
842 1374 919 1438 mihi
942 1391 1046 1438 errare
1069 1373 1219 1438 videntur
1240 1372 1296 1456 qui

148 1555 151 1560 .
180 1497 309 1579 propter
332 1510 446 1557 versus

391 1653 441 1717 En
466 1672 530 1738 quo
552 1651 695 1719 furentes
720 1651 936 1716 Eumenidum
961 1650 1076 1715 choros

390 1766 522 1832 Disiecit
545 1767 629 1832 almo
652 1765 790 1833 fulmine
812 1765 977 1850 Iuppiter!

127 2043 129 2046 v
181 1960 284 2023 totum
325 1974 454 2021 carmen
486 1955 621 2020 Horatio
647 1941 836 2040 ¹indignum
872 1959 1030 2019 censeant
1067 1951 1152 2029 Quid
1187 1953 1299 2018 enim?

183 2068 326 2135 Orestem
351 2069 426 2134 olim
451 2067 726 2154 persequebantur
747 2067 872 2149 Furiae,
895 2069 1113 2150 miserumque
1135 2065 1297 2130 hominem

155 2202 339 2267 ,nusquam
364 2187 520 2247 terrarum
547 2183 691 2266 quietum
716 2199 786 2246 esse
808 2180 972 2245 sinebant:
996 2180 1123 2245 tandem
1148 2178 1299 2246 Phoebus

184 2296 283 2379 adest,
317 2315 381 2380 qno
412 2296 481 2360 viso
514 2296 659 2361 crudeles
682 2291 758 2361 deae
781 2296 928 2360 resistere
951 2313 1016 2358 non
1041 2295 1160 2359 audent
1183 2294 1238 2359 sed
1262 2296 1296 2358 in

178 2408 286 2494 fugam
322 2428 357 2475 se
392 2410 576 2474 coniiciunt
619 2409 738 2475 Eodem
773 2409 868 2473 modo
903 2413 1027 2493 potitam
1061 2409 1138 2472 novi
1171 2409 1297 2492 generis

178 2524 377 2587 inventorem
414 2523 469 2589 din
504 2523 677 2588 adversarii
711 2523 855 2608 undique
889 2522 1103 2603 lacessebant3
1138 2522 1187 2585 illi
1220 2541 1297 2587 suas

179 2635 241 2702 sibi
283 2635 442 2701 habebant
485 2634 569 2701 Deos
610 2635 841 2721 implacabiles:
884 2636 1053 2719 Invidiam,
1087 2634 1297 2718 calumniam,

179 2747 397 2830 Derisionem;
429 2768 483 2814 eas
514 2768 601 2814 nunc
624 2769 698 2816 cum
721 2749 826 2815 Furiis
849 2750 1003 2815 Horatius
1026 2756 1194 2835 comparat
1215 2749 1297 2814 Tan-

179 2862 252 2927 dem
285 2863 457 2946 aliquando
491 2863 613 2927 anxilio
648 2867 759 2948 potitae
790 2864 878 2927 venit
901 2863 984 2929 bona
1006 2864 1092 2949 apud
1114 2865 1234 2948 peritos
1257 2863 1297 2930 de

179 2979 247 3042 arte
279 2976 402 3061 poetica
436 2975 559 3041 iudices
593 2975 695 3057 fama3
729 2975 837 3042 favere
860 2978 889 3041 ei
913 2979 1016 3062 coepit
1038 2995 1117 3041 aura
1141 2977 1298 3062 quaedam

178 3088 352 3174 popularis.
372 3087 446 3173 Ipse
464 3088 608 3175 Iuppiter
627 3094 767 3155 10010100
787 3089 933 3156 10110000
945 3092 1074 3176 signnm
1086 3090 1181 3174 dedit,
1193 3089 1297 3157 nubes

180 3201 297 3288 quibus
331 3202 455 3267 coelum
480 3201 621 3269 obsitum
644 3208 712 3269 erat
735 3204 895 3288 discussit,
919 3204 1082 3290 simulque
1104 3224 1204 3270 novas
1222 3205 1296 3271 illas

102 3320 104 3325 '
179 3315 291 3381 Furias
326 3315 465 3400 fugavit:
499 3316 582 3382 laeta
616 3322 687 3382 tum
723 3321 833 3403 poetae
867 3317 925 3383 lux
955 3317 1082 3384 affulsit.
1117 3317 1297 3403 „Contenta

178 3429 292 3512 hercle,
325 3424 516 3513 explicatio”
552 3430 636 3496 dicat
661 3431 821 3516 quispiam
848 3435 899 3514 „et
922 3451 986 3516 qua
1010 3432 1224 3518 mythologice
1247 3435 1298 3499 ris

178 3540 263 3607 fiat”
296 3540 410 3627 Neque
443 3561 502 3628 ego
537 3562 629 3628 nege,
662 3544 718 3609 sed
750 3544 810 3609 hoc
843 3522 930 3609 addo
953 3546 1139 3630 saepissime
1170 3567 1188 3611 a
1219 3547 1297 3612 viris

179 3655 281 3722 doctis
315 3656 355 3720 ad
387 3657 513 3741 ineptos
548 3656 635 3722 locos
666 3658 803 3724 tuendos
838 3662 869 3723 et
899 3664 1066 3744 utcunque
1089 3660 1297 3727 illustrandos

178 3768 266 3835 haud
306 3770 413 3834 minus
454 3770 549 3855 longe
594 3772 712 3836 arcessi
746 3771 952 3837 defensiones.
986 3772 1026 3838 In
1055 3771 1188 3840 Horatio
1222 3794 1298 3841 vero

178 3883 312 3968 legendo
336 3884 392 3967 qni
416 3883 538 3948 nullam
563 3883 710 3969 probabit
733 3885 978 3969 explicationem
997 3887 1062 3952 nisi
1082 3904 1164 3972 quae
1184 3895 1297 3974 sponte

180 4015 216 4062 se
245 3996 363 4081 offerat
388 3999 500 4082 quiin
523 3997 840 4082 interpretationibus
863 4001 1012 4084 quamvis
1034 4001 1298 4086 improbabilibus

179 4111 381 4196 acquiescere
416 4110 512 4193 nolet,
545 4111 575 4176 is
607 4112 642 4174 in
674 4112 784 4177 multis
808 4113 1004 4180 carminibus
1027 4115 1074 4180 sic
1097 4115 1239 4183 haerebit
1262 4123 1299 4184 ut

180 4225 335 4292 exhicars
358 4243 392 4291 se
414 4223 506 4289 nullo
532 4223 624 4292 modo
646 4226 755 4311 possit
779 4223 869 4291 Dabo
892 4247 994 4312 pauca
1016 4229 1173 4315 exempla.
