2954 5130
716 527 757 589 35

186 711 360 798 explenda3
393 714 518 779 invenit
542 719 649 779 autem
672 713 836 798 Horatius,
859 720 896 780 ut
918 715 1013 780 homo
1036 717 1071 779 in
1095 715 1243 782 versibus
1264 715 1310 781 fa·

189 827 311 892 ciendis
343 829 549 912 exercitatus,
583 848 686 893 unum
719 829 804 912 quod
835 829 1098 914 praecedentibus
1122 831 1216 895 etiam
1241 831 1312 896 sine

187 960 304 1026 magno
326 940 443 1006 damno
467 942 561 1007 adfici
580 947 706 1027 posset:

518 1129 581 1195 Hic
604 1150 738 1215 magnos
760 1131 868 1216 potius
895 1131 1084 1216 triumphos,

407 1241 472 1307 Hic
493 1262 580 1309 ames
603 1243 666 1308 dici
688 1249 778 1329 pater
800 1249 897 1329 atque
920 1246 1078 1330 princeps.

228 1430 280 1495 Ad
314 1429 410 1496 finem
447 1435 554 1496 autem
588 1432 751 1516 praeclara
784 1432 839 1496 illa
874 1433 1016 1517 Augusti
1047 1432 1142 1497 laude
1174 1432 1307 1516 dignum

185 1546 358 1629 perducere
381 1545 543 1630 stropham
566 1565 632 1610 non
656 1548 777 1630 potuit:
802 1565 876 1631 ergo
900 1551 937 1611 ut
958 1550 1065 1611 tamen
1085 1545 1193 1629 aliquo
1214 1544 1307 1609 modo

186 1657 289 1723 officio
313 1658 502 1743 perfunctus
526 1659 690 1724 rideretur
712 1659 912 1744 ineptissima
935 1660 996 1724 ista

405 1842 478 1908 Neu
501 1845 588 1909 sinas
610 1841 722 1908 Medos
744 1845 888 1928 equitare
910 1845 1032 1910 inultos

492 1956 536 2022 Te
559 1957 641 2022 duce
665 1956 780 2023 Caesar

185 2070 314 2135 addidit

226 2183 252 2268 I,
276 2185 326 2247 22.
361 2181 503 2248 Deorum
538 2202 572 2249 se
602 2184 703 2249 tutela
734 2202 859 2268 semper
890 2189 921 2249 et
953 2183 1075 2268 ubique
1098 2203 1248 2249 securum
1274 2189 1306 2250 et

184 2297 254 2363 aliis
279 2298 436 2383 exemplis
460 2298 655 2363 demonstrat
677 2302 770 2392 polita
793 2302 824 2363 et
849 2298 925 2362 hoc:

403 2482 552 2567 Namque
576 2502 627 2548 me
649 2483 731 2548 silva
752 2483 850 2567 lupus
873 2483 908 2546 in
932 2481 1058 2567 Sabina,

402 2595 490 2661 Dum
513 2610 615 2662 meam
640 2602 732 2661 canto
751 2595 890 2682 Lalagen
913 2602 945 2662 et
972 2598 1057 2662 ultra

400 2711 585 2776 Terminum
609 2712 695 2776 curis
720 2731 818 2796 vagor
842 2712 1009 2796 expeditis,

490 2823 587 2910 Fugit
610 2825 774 2890 inermem.

224 3013 276 3077 Ad
309 3014 423 3097 ingens
453 3018 561 3078 autem
590 3014 770 3097 periculum
794 3013 879 3097 quod
903 3011 1046 3078 Deorum
1071 3033 1130 3100 ope
1155 3015 1301 3102 effugerit

180 3127 425 3213 significandum
457 3128 594 3212 simplici
625 3127 825 3193 substantivo
849 3113 977 3213 lupus
1001 3148 1106 3214 neque
1130 3135 1299 3197 contentus

179 3247 246 3306 erat
268 3261 374 3326 neque
392 3246 514 3327 poterat
536 3260 621 3307 esse:
647 3261 729 3326 opus
753 3247 819 3307 erat
844 3243 952 3327 aliquo
976 3243 1131 3307 adiectivo
1155 3263 1220 3327 quo
1238 3245 1297 3309 im-

179 3374 314 3440 manem,
327 3357 497 3439 crudelem,
509 3357 678 3441 sanguinis
688 3356 912 3441 humanaeque
924 3358 1029 3421 carnis
1041 3357 1170 3421 avidum
1183 3357 1296 3442 lupum

177 3468 277 3535 fuisse
310 3470 569 3555 intelligeremus.
600 3469 651 3532 Illi
688 3475 795 3535 autem
832 3490 932 3555 quum
967 3472 1001 3534 in
1033 3471 1297 3555 praecedentibus

177 3585 287 3650 nullus
321 3585 384 3648 iam
420 3588 601 3669 superesset
635 3584 735 3668 locus,
769 3586 868 3649 unius
902 3584 1051 3650 vocabuli
1086 3604 1183 3650 causa
1217 3586 1295 3652 haec

177 3699 306 3785 stropha
328 3703 403 3763 nata
432 3702 496 3763 est:

397 3883 498 3962 Quale
520 3888 704 3968 portentum
728 3903 834 3970 neque
859 3885 1005 3950 militaris

395 3998 540 4064 Daunias
563 3999 635 4064 latis
659 3999 716 4065 alit
738 4000 915 4084 aesculetis,

395 4113 464 4179 Nec
485 4113 586 4178 Iubae
609 4113 706 4178 tellus
729 4120 868 4199 generat,
890 4115 1020 4179 leonum

485 4228 584 4293 Arida
606 4230 727 4294 nutrix.
