2954 5130
699 517 761 580 162

224 701 370 767 Ridicule
404 702 480 767 haec
511 721 584 767 cum
616 703 761 786 proxime
784 701 1045 786 praecedentibus
1068 708 1210 785 certant3
1233 724 1296 769 non

180 815 265 878 enim
289 815 431 881 eiusdem
456 819 503 880 est
525 815 726 899 impudenter
748 817 902 880 iuvenum
928 816 1039 882 domos
1059 835 1250 902 expugnare
1267 823 1297 883 et

179 927 316 994 lascivae
350 929 485 993 similem
515 928 625 994 ludere
656 948 794 1013 capreae.
818 929 916 994 Recte
939 948 977 994 ea
1000 930 1170 996 adhibetur
1193 934 1296 1016 imago

180 1039 219 1105 de
242 1040 308 1105 filia
327 1042 463 1105 vixdum
482 1046 607 1106 matura
626 1047 657 1107 et
674 1043 773 1125 igitur
795 1044 902 1128 „tangi
920 1043 1114 1109 metuente''.
1126 1044 1296 1130 Sequitur:

355 1217 398 1283 Te
420 1217 512 1282 lanae
534 1236 631 1302 prope
654 1216 792 1283 nobilem

399 1331 521 1396 Tonsae
544 1330 720 1416 Lucanam,
742 1351 808 1396 non
832 1331 971 1396 citharae
991 1332 1112 1397 decent.

180 1518 305 1582 Audio:
340 1517 465 1583 vetulae
499 1521 548 1582 est
582 1518 667 1582 domi
699 1518 808 1583 sedere
838 1522 869 1582 et
899 1517 1006 1582 lanam
1035 1517 1150 1603 facere,
1174 1518 1297 1603 puellae

178 1632 313 1717 psallere
336 1636 367 1697 et
393 1636 527 1697 cantare

355 1805 423 1872 Nec
444 1805 504 1872 flos
527 1825 708 1893 purpureus
730 1826 821 1872 rosae

180 1992 251 2066 Hoo
282 2011 411 2078 quoque
440 1998 540 2058 recte:
571 1999 620 2058 est
642 1995 727 2058 enim
750 1993 930 2077 puellarum
953 1993 1040 2058 istud
1064 1999 1294 2060 ornamentum.

179 2107 331 2173 Nondum
361 2108 456 2192 plena
480 2108 609 2192 stropha
631 2113 687 2173 est.
711 2106 796 2184 Quid
819 2107 906 2172 addit
928 2108 1044 2192 polita?
1070 2106 1157 2185 Quid
1179 2109 1294 2193 putas?

400 2283 468 2349 Nec
490 2285 557 2368 poti
579 2283 718 2349 vetulam
742 2283 829 2349 faece
851 2288 946 2349 tenus
973 2284 1051 2348 cadi

180 2483 225 2547 At
260 2483 390 2568 opponit
421 2484 505 2547 inter
539 2500 574 2547 se
608 2501 689 2568 quae
723 2483 861 2569 puellam
896 2483 1035 2566 deceant,
1070 2504 1156 2569 quae
1189 2505 1291 2550 anum

181 2596 367 2661 Puellamne
390 2615 464 2680 ergo
488 2594 578 2660 decet
599 2600 662 2660 tam
687 2597 837 2660 immanis
864 2596 1075 2661 temulentia?

225 2709 276 2774 Ab
310 2710 371 2774 hoc
405 2711 544 2774 carmine
575 2708 615 2773 ad
645 2708 703 2794 IV,
729 2709 769 2772 13
800 2708 902 2774 facilis
933 2714 980 2775 eat
1004 2711 1178 2776 transitus:
1203 2713 1239 2776 in
1259 2731 1293 2777 eo

181 2829 288 2889 autem
311 2828 418 2908 aperte
440 2823 576 2888 declarat
599 2827 690 2908 poeta
710 2842 780 2888 eam
800 2843 897 2907 quam
916 2843 1005 2888 nuno
1023 2824 1164 2891 ludibrio
1185 2826 1294 2892 habeat

54 2985 56 2991 .
181 2936 257 3000 olim
280 2935 341 3001 sibi
363 2936 462 3001 fuisse
485 2936 729 3001 dilectissimam.
753 2935 913 3001 Sicorim
937 2955 1005 3002 eam
1030 2937 1223 3023 alloquitur:

580 3109 663 3187 Quid
686 3110 785 3175 habes
807 3111 903 3195 illius,
928 3111 1016 3176 illius

490 3222 578 3301 Quae
602 3223 741 3308 spirabat
763 3243 895 3309 amores,

535 3337 623 3415 Quae
647 3357 698 3403 me
721 3343 892 3423 surpuerat
913 3339 1000 3404 mihi.

224 3537 367 3603 Hoooine
391 3537 503 3620 credis,
523 3536 659 3602 Lector?
681 3537 755 3601 Non
781 3557 852 3622 ego.
872 3537 947 3623 ipsa
968 3543 1084 3605 natura
1104 3544 1296 3628 volutinam,

182 3671 277 3737 quam
309 3651 383 3716 olim
410 3653 535 3733 amaris,
558 3655 622 3714 tam
647 3651 736 3715 duris
759 3651 1007 3738 crudelibusque
1027 3653 1168 3722 lacerare
1191 3658 1294 3722 convi-

181 3767 242 3830 tiis.
277 3764 361 3842 Quid
392 3766 486 3850 quod,
517 3767 545 3829 si
574 3765 680 3849 puella
702 3785 790 3848 cana,
811 3767 968 3851 edentula,
991 3789 1111 3854 rugosa
1132 3770 1218 3837 faeta
1240 3777 1292 3860 est,

72 3942 75 3949 ,
181 3898 245 3942 non
268 3880 395 3944 iuvenis
418 3880 536 3944 mansit
557 3879 712 3962 pristinus
736 3880 805 3944 eius
829 3885 957 3945 amator.
980 3880 1137 3966 atquem
1151 3905 1292 3971 unquam

180 3993 304 4077 puellae
327 3996 519 4078 contemptio
538 4013 575 4057 eo
595 3993 733 4077 abripuit
746 3981 909 4060 vecordiae
921 3999 958 4061 ut
969 3995 1017 4060 illi
1029 3995 1140 4074 pavlo
1153 4001 1291 4066 tristissi-

181 4126 330 4190 mamque
365 4109 480 4172 mentis
515 4108 673 4171 insaniam
706 4108 957 4192 imprecaretur?
992 4109 1045 4174 Sic
1080 4114 1166 4177 enim
1200 4114 1289 4198 primi

182 4221 357 4307 accipiendi
380 4241 493 4287 versus
515 4225 592 4287 sunt
613 4225 649 4286 ut
672 4226 776 4286 totum
797 4222 878 4288 illud
