2954 5130
760 522 802 585 86

223 705 392 771 Hertnium
426 705 496 770 dieo
528 744 569 752 -
601 705 780 771 incredibili
802 707 965 791 diligentia
986 706 1210 790 indefessoque
1232 705 1341 772 labore

224 821 442 904 quaestionem
465 820 548 884 hano
571 823 791 905 pertractarit3
814 821 895 885 nihil
918 821 972 886 ille
990 821 1142 906 neglexit,
1161 821 1241 884 nihil
1255 820 1342 904 quod

224 934 263 1000 ab
287 935 358 1000 aliis
382 940 449 1000 erat
473 935 603 1000 allatum
628 938 698 1001 81118
722 956 831 1002 888818
851 957 986 1002 censura
1004 936 1158 1022 probavit,
1177 938 1241 1001 nisi
1253 937 1340 1020 quod

224 1049 265 1114 ad
293 1049 490 1133 quaestionis
513 1054 635 1134 partem
660 1051 831 1135 quandam,
854 1071 920 1115 non
942 1071 1072 1135 parvam
1095 1050 1191 1132 illam,
1213 1053 1276 1114 iam
1301 1050 1340 1114 ab

224 1162 295 1227 aliis
318 1167 384 1226 tam
408 1163 533 1247 egregie
556 1181 746 1246 responsum
767 1168 875 1228 censet
893 1167 931 1228 81
949 1163 1029 1227 nihil
1049 1164 1248 1246 mutandum,
1260 1164 1341 1228 nihil

223 1274 406 1340 addendum
438 1276 487 1340 sit.
510 1276 692 1341 Audiamus
714 1295 789 1360 ergo
814 1296 896 1361 quae
918 1296 1002 1340 nova
1024 1276 1078 1341 ille
1100 1277 1268 1360 protulerit
1290 1277 1342 1341 vel

223 1395 300 1456 nota
325 1393 389 1454 iam
414 1395 507 1455 antea
531 1391 637 1456 denuo
662 1393 868 1472 examinarit3
894 1392 971 1476 quid
997 1396 1200 1455 8888181818
1223 1390 1342 1456 delibe-

223 1510 292 1570 rata
319 1506 464 1570 statuerit
494 1510 525 1570 et
548 1525 613 1590 quo
635 1507 706 1571 iure
729 1506 905 1589 videamus,
927 1511 1085 1590 postremo
1109 1506 1149 1570 de
1172 1505 1228 1568 illa
1251 1509 1342 1589 parte

224 1639 321 1704 quam
355 1619 437 1683 nulli
468 1619 638 1683 obnoxiam
655 1599 786 1685 ’888881
808 1619 999 1684 dubitationi
1032 1620 1110 1705 quid
1132 1619 1341 1684 iudicandum

225 1733 266 1798 sit
290 1751 491 1818 quaeramus.
666 1724 670 1731 ’

270 1844 416 1911 Ovidii
437 1847 598 1913 notissimi
621 1847 772 1911 versiculi
796 1852 888 1911 sunt:

356 2009 399 2074 Et
421 2012 526 2075 tenuit
549 2015 674 2075 nostras
696 2029 889 2075 numerosus
912 2007 1066 2075 Horatius
1085 2030 1179 2076 aures

401 2121 489 2187 Dum
511 2122 584 2188 ferit
607 2124 753 2188 Ausonia
777 2125 919 2188 earmina
942 2125 1028 2189 88118
1050 2124 1128 2207 lyra.

267 2286 386 2351 Tenuis
408 2286 464 2351 1118
482 2284 684 2351 Meierottoni
702 2286 775 2350 laus
795 2287 921 2351 videtur
939 2306 1045 2371 neque
1066 2288 1143 2350 mihi
1155 2287 1343 2372 magnifica:

224 2402 258 2464 in
290 2405 428 2465 mentem
460 2401 544 2465 enim
576 2400 1345 2486 8881181188188111.Α.Π1,3338881811

225 2513 319 2578 multi
351 2514 481 2598 quidem
503 2516 711 2579 nominantur
732 2519 851 2599 podiae,
874 2515 914 2579 de
936 2514 1069 2579 Horatio
1092 2519 1200 2580 autem
1223 2515 1346 2597 siletur,

227 2648 433 2713 quamquam,
463 2629 491 2694 81
517 2647 628 2693 188818
656 2630 765 2714 magni
795 2647 870 2694 eum
891 2627 1010 2694 faceret
1033 2626 1177 2712 Ovidius,
1200 2631 1345 2694 omittere

225 2761 292 2807 non
320 2746 459 2827 poterat:
904 2748 906 2752 “

358 2891 400 2957 m
422 2893 525 2957 teneri
546 2893 649 2976 possis
673 2910 801 2956 carmen
823 2892 939 2976 legisse
962 2890 1116 2976 Properti,

404 3005 479 3072 Sive
502 3005 625 3090 aliquid
649 3004 742 3091 Galli,
767 3006 843 3084 sive,
864 3005 998 3089 Tibulle,
1020 3009 1132 3070 tuum:

358 3118 518 3204 Dictaque
540 3118 679 3183 Varroni
700 3118 799 3182 fulvis
821 3119 961 3203 insignia
984 3118 1071 3183 villis

403 3233 531 3298 Vellera
554 3251 732 3317 germanae,
755 3231 885 3317 Phrixe,
909 3232 1072 3317 querenda
1098 3236 1189 3297 tuae:

359 3346 402 3412 nt
424 3346 596 3433 profugum
619 3347 761 3429 Aenean,
784 3345 865 3410 altae
886 3346 1061 3431 primordia
1083 3344 1213 3429 Romae,

406 3459 477 3537 Quo
500 3461 628 3526 nullum
650 3458 741 3524 Latio
765 3458 883 3524 8181188
906 3463 1011 3525 exstat
1034 3478 1125 3543 opus.

272 3622 365 3701 Quod
406 3628 513 3689 autem
557 3622 670 3688 doctus
709 3622 840 3706 quidam
876 3623 926 3686 vir
960 3623 1162 3707 excogitavit,
1197 3622 1346 3689 versibus

227 3735 516 3803 289-21211111
542 3735 592 3800 II:

309 3904 313 3913 ·
361 3885 448 3963 Quin
472 3887 567 3951 etiam
589 3886 752 3969 turdoque
772 3885 847 3950 lieet
872 3886 1033 3971 missaque
1057 3888 1205 3953 columba

404 4001 447 4066 Te
470 4019 643 4066 memorem
666 4001 813 4065 dominae
836 3999 1004 4067 testifieere
1026 4005 1108 4067 tuae.

358 4115 505 4200 Turpiter
528 4115 578 4180 his
601 4116 718 4181 emitur
741 4132 814 4198 spes
838 4117 950 4180 mortis
974 4119 1005 4180 et
1028 4115 1105 4179 orba
1127 4122 1283 4182 seneotus.

404 4229 446 4314 A,
469 4234 608 4315 pereant,
631 4248 688 4314 per
711 4248 792 4313 quos
815 4248 948 4295 munera
972 4230 1092 4294 crimen
1116 4230 1234 4296 habent
