2954 5130
777 516 840 580 178

246 699 408 769 Horatius
435 704 522 768 enim
555 705 601 768 sio
632 702 698 768 fore
724 703 868 768 amioum
892 703 1084 787 alloquitur:
1112 702 1279 786 „Rotioere
1301 705 1365 768 noli

246 823 278 884 te
307 817 493 882 ancillulam
525 817 620 882 istam
645 835 763 900 amare,
786 835 867 882 neve
890 821 923 882 te
943 818 1125 882 amisorum
1149 817 1287 902 pudeat:
1312 837 1366 882 no·

245 937 320 996 runt
360 933 448 996 enim
483 930 613 1015 regibus
647 930 848 1015 ducibusque
884 930 970 995 idem
1006 929 1191 996 accidisse.’'
1229 929 1366 996 Ovidius

246 1049 373 1108 antem:
412 1041 565 1126 „Fateor”
601 1044 645 1108 ait
683 1062 756 1126 „me
789 1062 865 1108 oum
902 1044 1054 1109 dominae
1090 1063 1181 1109 meae
1215 1044 1367 1110 ancillula

246 1156 363 1224 lusisse
404 1157 570 1242 quaedum.
612 1155 755 1222 Homine
789 1163 854 1221 tam
891 1162 985 1242 turpe
1019 1158 1167 1223 orinren?
1200 1159 1248 1223 At
1279 1159 1365 1223 idem

246 1270 473 1354 Agamemnon
503 1271 669 1334 commisit
691 1274 723 1334 et
745 1268 917 1334 thilles.’'
941 1269 1003 1335 Sed
1026 1274 1094 1335 tota
1115 1270 1171 1335 illa
1192 1276 1271 1337 sunt
1293 1291 1367 1337 oon·

247 1384 415 1449 sideranda
442 1385 586 1448 earmina
608 1388 646 1448 ut
667 1384 763 1468 plane
785 1385 904 1450 sentias
930 1387 1050 1467 quanta
1072 1385 1114 1448 sit
1136 1385 1221 1450 inter
1244 1404 1281 1450 ea
1305 1385 1367 1450 dis-

246 1499 414 1583 crepantia
447 1497 601 1562 Horatius
632 1499 720 1562 enim
750 1503 851 1563 metro
874 1497 975 1579 lyrioo
998 1497 1165 1583 epistolam
1191 1498 1304 1564 scribit
1327 1499 1367 1564 ad

246 1613 388 1676 amioum
423 1611 595 1696 quendam,
627 1612 720 1676 ouius
752 1630 858 1677 mores
891 1630 1083 1695 amoresque
1104 1630 1183 1677 oum
1206 1612 1275 1677 leni
1299 1614 1367 1678 risu

246 1724 398 1811 depingit,
427 1727 496 1811 ipse
522 1727 693 1810 integer
716 1731 772 1790 est
798 1724 991 1811 „Agedum”
1016 1727 1061 1791 ait
1086 1725 1259 1807 „eonfitere
1280 1727 1367 1793 istud

247 1840 286 1906 de
318 1839 476 1923 Phyllide,
510 1839 590 1924 quid
623 1840 753 1905 cessas?
786 1840 891 1926 lepida
920 1845 968 1906 est
1001 1839 1153 1924 puellula
1175 1841 1220 1904 At
1253 1841 1368 1905 ancilla

247 1959 311 2034 est;
346 1972 453 2019 nonne
486 1958 518 2019 et
551 1953 684 2019 ancillae
717 1953 849 2019 fuerunt
877 1953 1007 2037 Briseis,
1028 1954 1199 2020 Termesso
1223 1956 1306 2021 aliae
1329 1957 1366 2022 de

247 2067 366 2152 quibus
387 2066 551 2133 Homerus
575 2072 681 2132 narrat
704 2074 736 2133 et
758 2069 871 2152 tragici
895 2067 1008 2134 Graeci
1017 2067 1053 2131 ?”
1074 2067 1228 2152 Sequitur
1239 2071 1368 2155 stropha

248 2202 345 2266 quam
370 2180 503 2246 Horatio
526 2181 687 2246 abiudioat
704 2180 958 2267 Peerlkampins‚
977 2183 1218 2266 perversissime
1238 2189 1276 2248 ut
1289 2184 1366 2248 mihi

248 2295 379 2379 quidem
403 2295 537 2360 videtur.
560 2294 699 2359 Plenum
721 2295 808 2360 enim
829 2300 933 2360 totum
950 2298 1365 2363 ostearmeneiuaiocandi

247 2409 383 2494 generis,
417 2409 505 2492 quod
538 2427 597 2472 nos
631 2409 752 2472 novitio
786 2408 943 2473 vocabulo
980 2408 1194 2490 „humorem”
1230 2411 1366 2498 appella·

249 2542 342 2602 mus3
364 2523 446 2588 illud
468 2529 576 2587 autam
603 2523 724 2586 mirum
749 2527 907 2607 quantum
928 2529 1066 2608 augetur
1086 2523 1365 2608 magnificishisoe

249 2635 412 2702 versibus:

455 2785 626 2851 Barbarae
650 2790 820 2871 postquam
844 2787 985 2853 cecidere
1007 2792 1135 2853 turmae

468 2900 617 2964 Thessalo
641 2902 762 2966 viatore
785 2906 816 2965 et
838 2901 1008 2988 ademptus
1031 2901 1151 2968 Hector

469 3013 611 3078 Tradidit
632 3013 725 3079 fessis
746 3014 867 3081 leviora
889 3015 959 3079 tolli
1131 3008 1132 3012 ’

558 3128 717 3214 Pergama
744 3129 856 3195 Graiis.

250 3321 307 3403 qui
341 3319 519 3404 tragoediae
553 3320 688 3384 chorum
725 3320 844 3385 deoent.
878 3319 960 3384 Tum
993 3321 1039 3384 sio
1071 3321 1225 3388 Horatius
1247 3327 1366 3410 pergit:

252 3432 358 3516 „Quid
381 3434 467 3519 quod
492 3434 584 3497 vultu
608 3439 675 3498 tem
699 3441 747 3499 est
769 3435 903 3498 honesto
922 3437 1056 3517 temque
1073 3434 1197 3501 liberali
1218 3441 1255 3503 ut
1268 3437 1368 3503 nobili

250 3549 366 3633 virgini
394 3551 436 3614 sit
459 3548 595 3613 similior
618 3568 716 3632 quam
741 3547 881 3613 ancillae.
907 3545 1027 3624 Quidni
1050 3568 1122 3616 eam
1146 3551 1235 3634 regia
1259 3552 1367 3619 ereda·

251 3682 324 3729 mus
352 3681 421 3728 esse
445 3660 612 3747 origine?’'
637 3660 771 3726 Ovidius
794 3667 904 3727 tamen
926 3667 1071 3726 narrat
1094 3663 1133 3727 de
1156 3682 1190 3727 ra
1214 3669 1271 3729 aut
1293 3684 1367 3731 vera

248 3782 304 3842 sut
338 3775 377 3840 ab
409 3795 446 3841 eo
469 3774 543 3840 fiola
565 3794 663 3860 quem
686 3775 729 3838 in
743 3791 854 3838 amore
877 3776 1137 3840 versatissimum
1162 3794 1233 3842 esse
1256 3779 1364 3844 stetim

249 3909 411 3976 agnoscas.
433 3887 483 3955 De
502 3908 540 3954 ea
560 3893 674 3966 autern,
693 3887 879 3973 peritissimi
899 3889 1033 3953 oratoris
1052 3890 1153 3954 instar
1172 3910 1248 3955 eum
1264 3892 1367 3957 multa

250 4006 391 4090 disputat
422 4006 590 4085 varietate3
614 4003 769 4068 rhetorica
790 4001 845 4065 illa
868 4007 899 4067 at
923 4004 1094 4087 sophistica
1117 4004 1260 4089 artificia,
1284 4025 1367 4091 quae

250 4139 377 4204 semper
393 4125 430 4186 'et
453 4119 574 4204 ubique
591 4120 625 4183 in
646 4116 759 4181 Ouidio
778 4115 987 4200 admiramur,
999 4118 1051 4183 hio
1063 4118 1232 4202 splendent
1242 4119 1366 4187 luoent-

251 4253 321 4319 que
355 4234 443 4315 Nihil
478 4235 595 4298 horum
625 4231 778 4296 Horatius
809 4228 903 4295 habet
932 4249 1039 4315 neque
1068 4231 1122 4296 hio
1152 4251 1258 4316 neque
1281 4235 1366 4301 alibi.
