2954 5130
682 510 725 573 83

271 693 416 771 Quarum
440 716 531 762 sacra
552 696 619 763 fero
641 698 764 783 ingenti
787 715 959 783 percussus
986 697 1123 763 amore.'’

181 882 256 947 Non
278 883 349 948 ideo
372 904 429 949 rus
452 891 537 950 amat
558 886 644 970 quod
664 889 769 950 careat
789 886 1000 950 incommodis
1013 905 1151 970 quorum
1165 886 1257 971 plena

139 1002 187 1062 est
209 997 296 1081 urbs,
319 998 376 1063 sed
397 998 525 1064 diutiae
549 999 667 1084 quibus
691 998 833 1064 abundat
857 1003 996 1064 mentem
1020 1001 1090 1065 eius
1113 999 1256 1083 implent.

138 1111 235 1176 Totus
266 1131 341 1197 ergo
363 1114 398 1177 in
421 1118 554 1179 naturae
576 1113 843 1199 contemplatione
867 1112 992 1179 defixus
1016 1118 1073 1194 est,
1098 1133 1180 1198 quae
1202 1114 1257 1178 illa

140 1224 229 1291 offert
270 1227 450 1312 spectacula
490 1227 730 1293 admirationem
778 1229 847 1293 eius
882 1234 1020 1294 movent
1056 1228 1149 1294 Vitae
1182 1247 1257 1315 ergo

139 1341 276 1405 rusticae
305 1359 395 1404 amor
426 1361 490 1425 quo
518 1340 631 1426 flagrat
655 1340 813 1426 Virgilius
837 1343 957 1406 aeterni
982 1342 1151 1407 cuiusdam
1173 1343 1258 1427 ignis

139 1453 252 1518 similis
276 1458 332 1537 est,
355 1473 421 1518 non
444 1453 591 1519 flammae
614 1473 631 1519 e
655 1455 782 1539 stipulis
803 1453 964 1538 collectae,
982 1456 1018 1518 in
1037 1456 1258 1540 ipsiusmente

138 1570 234 1631 natus
256 1573 311 1649 est,
334 1567 436 1652 ipsius
458 1569 601 1632 nutritur
625 1566 880 1651 cogitationibus.
902 1567 976 1652 Ipse
998 1567 1117 1633 fatetur
1137 1587 1172 1633 se
1193 1588 1258 1632 ma·

139 1679 239 1745 luisse
274 1680 404 1745 doctum
437 1679 516 1764 fieri,
546 1682 603 1765 qui
633 1682 668 1745 in
691 1682 821 1746 intimas
844 1685 978 1745 naturae
1000 1680 1140 1746 latebras
1161 1700 1256 1766 pene·

138 1799 235 1860 traret
270 1800 301 1859 et
335 1795 410 1860 inde
439 1815 548 1861 aarum
579 1813 689 1859 rerum
716 1796 862 1859 notitiam
885 1796 1083 1880 protraheret
1109 1815 1190 1880 quas
1213 1795 1259 1860 dii

139 1908 349 1992 abscondunt,
373 1928 468 1993 quam
491 1913 615 1993 po'etam
640 1910 697 1993 qui
717 1913 882 1974 externam
901 1908 1124 1973 tantummodo
1138 1912 1258 1993 spectet

138 2023 438 2107 naturaespeciem.
461 2023 643 2088 Audiamus
665 2023 788 2107 ipsum3
812 2022 892 2087 nihil
903 2042 1048 2107 unquam
1059 2022 1255 2106 praeclarius

140 2137 331 2201 dictumest
354 2157 452 2221 quam
475 2138 536 2201 hoo
559 2135 611 2220 (II,
634 2136 839 2218 lte-leel:

271 2323 323 2387 Me
344 2342 420 2388 vero
443 2324 583 2409 primum
605 2322 714 2387 dulces
737 2327 811 2387 ante
834 2323 942 2386 omnia
964 2320 1088 2408 Musae,

272 2437 414 2514 Quarum
440 2457 530 2504 sacra
551 2437 618 2503 fero
641 2439 764 2523 ingenti
786 2456 960 2522 percussus
983 2455 1101 2519 amore,

272 2551 448 2637 Accipiunt,
472 2552 617 2638 caelique
638 2554 708 2617 vias
731 2556 762 2617 et
785 2552 889 2617 sidera
909 2556 1096 2636 monstrent,

272 2664 424 2731 Defectus
447 2666 525 2730 solis
547 2667 667 2748 varios,
685 2664 846 2750 lunaeque
869 2664 1002 2730 labores.

273 2779 368 2844 Unde
389 2784 508 2844 memor
530 2779 631 2861 terris,
655 2799 719 2863 qua
741 2780 775 2842 ri
797 2779 897 2842 maria
919 2777 982 2842 alta
1004 2782 1185 2843 tumescant

273 2891 439 2958 Obiicibus
462 2894 564 2977 ruptis
588 2911 767 2976 rursusque
790 2893 825 2955 in
849 2910 884 2956 se
906 2893 976 2976 ipsa
1001 2891 1149 2974 residant,

273 3005 358 3082 Quid
381 3010 506 3071 tantum
530 3003 656 3071 Oceano
679 3009 850 3090 properent
873 3025 908 3071 se
930 3008 1077 3090 tinguere
1100 3007 1183 3070 soles

272 3119 417 3205 Hiberni,
439 3121 491 3186 vel
515 3139 598 3206 quae
620 3121 719 3185 tardis
743 3140 832 3184 mora
853 3120 1003 3185 noctibus
1027 3119 1137 3185 obstet.

273 3234 330 3300 Sin
352 3236 410 3300 has
434 3254 474 3300 ne
496 3237 618 3319 possim
641 3239 774 3300 naturae
797 3234 947 3300 accedere
971 3239 1086 3321 partes,

271 3348 419 3433 Frigidus
443 3348 599 3413 obstiterit
621 3349 743 3412 circum
766 3349 950 3432 praecordia
976 3350 1117 3431 sanguis,

271 3462 360 3528 Rura
382 3463 460 3527 mihi
483 3467 515 3528 et
536 3464 622 3548 rigui
644 3463 792 3547 placeant
814 3464 849 3527 in
872 3462 1010 3527 vallibus
1031 3481 1160 3526 amnes:

272 3576 421 3641 Flumina
444 3596 547 3641 amem
570 3577 732 3662 silvasque
755 3578 921 3662 inglorius.
947 3575 983 3659 Ο,
1008 3576 1064 3640 ubi
1088 3577 1191 3660 campi

272 3691 520 3776 Spercheosque,
544 3696 576 3756 et
599 3691 779 3776 virginibus
801 3691 955 3756 bacchata
976 3690 1130 3756 Lacaenis

272 3804 428 3890 Taygeta!
454 3825 472 3870 o
497 3806 553 3890 qui
576 3824 626 3870 me
647 3805 762 3890 gelidis
785 3807 819 3868 in
843 3803 979 3868 vallibus
1001 3803 1118 3868 Haemi

272 3917 379 4002 Sistat,
402 3924 433 3983 et
454 3920 578 4003 ingenti
601 3938 760 3983 ramorum
783 3922 927 4002 protegat
949 3916 1081 3981 umbra!

186 4103 332 4170 Profecto
367 4125 432 4169 non
465 4106 644 4170 communis
674 4106 841 4169 hominum
871 4104 949 4169 haec
978 4109 1026 4168 est
1057 4105 1108 4168 via
1132 4122 1196 4189 qua
1218 4102 1258 4168 ad

143 4223 265 4307 poesim
287 4222 454 4305 pervenire
477 4220 597 4301 solent3
620 4239 686 4284 non
710 4238 821 4285 omnes
841 4224 928 4284 tanto
949 4220 1060 4284 ardore
1079 4237 1257 4303 remquam
