2954 5130
711 498 775 564 158

179 686 337 752 obstinato
372 687 478 752 animo
509 690 541 751 et
570 689 691 751 ceteros
714 685 800 750 viros
824 689 855 750 et
877 703 929 750 me
950 683 1051 771 fugit3
1077 685 1219 753 difficilis
1243 687 1294 754 ille

179 805 227 867 est
256 800 353 883 labor,
385 801 440 866 sed
471 805 528 865 tua
558 819 609 864 ars
632 799 713 863 nihil
735 818 802 863 nou
824 803 944 883 potest:
967 803 1005 863 tu
1027 798 1128 865 silvas
1150 799 1296 886 ferasque

179 914 219 979 ad
242 920 273 980 te
295 915 403 997 trahis,
425 913 484 978 tibi
507 912 663 980 Cerberus
687 913 791 994 cessit,
814 918 846 977 te
865 918 1000 977 canente
1017 911 1113 977 Ixion
1124 913 1297 999 Tityosque

176 1031 318 1094 riserunt
350 1034 382 1093 et
411 1030 504 1094 urnis
525 1033 681 1093 vacarunt
703 1026 863 1093 Belides.''
886 1027 934 1092 Eo
958 1027 1015 1092 ubi
1035 1033 1228 1113 perventum
1251 1034 1297 1095 est

177 1147 270 1227 podta
303 1142 437 1207 Pindari
466 1144 575 1225 instar,
605 1143 730 1206 exordii
760 1141 853 1227 plane
883 1143 1060 1225 immemor,
1083 1143 1118 1206 in
1141 1163 1210 1208 una
1232 1162 1297 1208 car·

177 1257 273 1320 minis
313 1261 404 1342 parte
437 1255 622 1321 exomendo
657 1255 713 1320 diu
748 1256 948 1337 immoratur,
982 1260 1014 1320 et
1048 1255 1147 1320 semel
1182 1257 1297 1322 iniecta

177 1367 359 1433 Danaidum
395 1370 556 1434 mentione
587 1368 697 1433 multis
729 1367 876 1433 versibus
899 1387 997 1433 unam
1019 1368 1160 1452 illarum,
1184 1371 1298 1435 sorori·

178 1481 240 1547 bus
262 1482 358 1567 longe
381 1487 603 1566 praestantem,
626 1480 771 1547 celebrat.

223 1595 276 1661 Sic
309 1600 393 1661 certe
428 1597 578 1661 carminis
615 1595 795 1660 absurditas
825 1594 952 1660 sublata
981 1596 1050 1679 erit,
1080 1596 1231 1680 strophae
1260 1596 1298 1662 de

178 1708 277 1795 Lyde,
301 1729 382 1795 quas
405 1709 577 1775 admodum
601 1708 750 1794 pulchras
774 1727 844 1774 ease
862 1709 995 1774 minime
1013 1727 1107 1794 nego,
1128 1708 1297 1777 benacum

177 1823 440 1908 praecedentibus
472 1823 693 1889 cohaerebunt.
730 1823 793 1889 Sed
815 1842 922 1907 neque
943 1823 1030 1888 illam
1053 1822 1184 1889 delendi
1204 1826 1298 1890 ratio-

178 1956 254 2003 nem
276 1937 384 2023 probo,
407 1941 438 2003 et
460 1937 511 2004 vel
531 1938 577 2002 sic
596 1942 699 2002 totum
719 1955 848 2002 carmen
867 1938 937 2002 eius
956 1938 1004 2002 rei
1022 1937 1062 2002 de
1075 1957 1141 2022 qua
1153 1938 1297 2004 dicebam

180 2051 364 2136 exemplum
389 2055 445 2117 est
468 2050 584 2135 Spemi
606 2052 691 2116 enim
716 2069 751 2116 se
774 2071 793 2115 a
812 2048 901 2132 Lyde
919 2049 1026 2117 verbis
1039 2052 1188 2137 queritur
1198 2057 1297 2138 poeta,

177 2184 288 2231 revera
310 2185 376 2230 non
398 2170 498 2231 curat

222 2278 264 2362 Π,
287 2281 317 2343 8.
339 2279 550 2365 Lepidissimo
573 2279 713 2344 carmine
735 2277 877 2343 Barinen
901 2278 964 2361 (vel
986 2279 1208 2365 quodcunque
1230 2285 1297 2345 tan·

179 2394 249 2459 dem
274 2394 399 2478 puellae
422 2411 539 2459 nomen
562 2394 631 2475 est),
654 2413 673 2457 a
696 2412 760 2476 qua
779 2393 873 2458 toties
886 2393 928 2457 sit
940 2392 1102 2478 deceptus,
1112 2395 1297 2480 perstringit

177 2512 211 2573 et
246 2507 381 2589 „dente”
410 2508 455 2573 ait
481 2509 529 2590 „si
551 2507 643 2591 nigro
666 2505 759 2572 fieres
782 2505 833 2571 vel
857 2525 923 2571 uno
946 2508 1071 2591 turpior
1093 2509 1210 2593 ungui,
1231 2527 1297 2574 crc-

179 2621 307 2689 derem''
341 2643 384 2688 so.
418 2621 543 2687 fabulas
567 2641 649 2707 quae
671 2620 711 2687 de
733 2621 868 2705 periurii
889 2622 1001 2705 poenis
1025 2620 1296 2688 circumferuntur

178 2756 270 2803 veras
303 2755 382 2803 esse.
419 2735 534 2818 „Nunc
568 2737 634 2801 scio
665 2732 842 2801 amantium
865 2735 1005 2819 periuria
1027 2735 1088 2800 diis
1111 2755 1211 2803 curae
1234 2756 1296 2801 non

178 2869 257 2934 esse,
279 2870 354 2915 nam
374 2855 411 2915 tu
431 2849 625 2936 simulatque
636 2850 784 2934 peierasti
794 2849 896 2914 multo
908 2848 1070 2934 pulchrior
1082 2850 1184 2916 exis.”
1198 2850 1296 2936 Saepe

178 2985 254 3051 ergo
289 2966 359 3031 eins
392 2963 558 3049 perfidiam
593 2968 745 3049 expertus
769 2967 826 3046 est,
850 2968 934 3029 certe
958 2968 1129 3050 expertum
1153 2984 1189 3031 se
1213 2965 1295 3030 dicit

221 3079 275 3144 Ex
295 3079 407 3144 eodem
428 3096 546 3163 genere
568 3082 616 3143 est
638 3077 738 3162 Epod.
761 3076 835 3142 XV.
858 3077 907 3142 Eo
929 3079 1017 3143 enim
1034 3077 1179 3144 Neaerae
1190 3080 1296 3146 iocosa

177 3194 332 3278 gravitate
354 3194 387 3256 in
412 3193 597 3256 memoriam
617 3197 748 3258 revocat
769 3197 895 3257 noctem
920 3212 984 3276 qua
1005 3210 1062 3277 per
1087 3211 1201 3260 omnes
1223 3194 1297 3260 deos

177 3307 318 3391 deosque
351 3307 499 3393 promisit
537 3305 622 3388 „fore
654 3306 741 3371 huuc
771 3325 912 3378 amorem
944 3291 1102 3371 mutuum.
1132 3307 1296 3393 utquam

176 3419 333 3506 turpiter''
367 3421 412 3486 ait
448 3439 519 3502 „me
552 3419 757 3485 iureiurando
792 3424 849 3484 tuo
881 3419 1049 3504 decepisti;
1080 3420 1182 3485 ulium
1214 3423 1297 3488 enim

177 3536 256 3600 mihi
283 3534 432 3620 praefers.
454 3533 517 3600 Sed
539 3534 607 3598 noli
628 3535 766 3598 nimium
789 3533 909 3599 formae
931 3537 1006 3599 tuae
1030 3532 1201 3619 confidere,
1223 3555 1294 3600 nam

176 3649 304 3714 tandem
340 3648 511 3733 aliquando
546 3647 648 3712 aderit
681 3653 817 3732 tempus,
851 3666 915 3732 quo
944 3666 1011 3711 non
1041 3647 1165 3713 diutius
1198 3647 1296 3714 feram

178 3763 376 3828 assiduas
410 3767 441 3828 te
475 3762 589 3846 potiori
624 3761 699 3826 dare
728 3766 894 3844 noctes,
924 3765 994 3826 tum
1025 3779 1077 3826 me
1100 3761 1293 3829 desiderabis

177 3895 237 3942 neo
270 3895 419 3942 revocare
452 3873 601 3961 poteris.''
634 3874 721 3939 Hinc
756 3892 791 3940 se
824 3874 864 3939 ad
898 3874 1061 3939 aemulum
1084 3877 1294 3942 convertitet

180 3989 298 4072 „cave”
321 3991 429 4075 inquit
450 4010 544 4072 „nam
567 4007 650 4074 quae
672 4007 760 4054 nunc
782 4007 834 4054 me
856 4008 932 4073 prae
953 3989 1019 4054 tuis
1042 3989 1164 4055 divitiis
1176 3994 1294 4076 tuaque

177 4105 321 4170 doctrina
351 4105 525 4169 contemnit
547 4122 624 4167 mox
647 4102 726 4167 alios
749 4101 808 4167 tibi
831 4101 1002 4186 praeferet;
1026 4106 1096 4168 tum
1114 4107 1152 4168 tu
1165 4103 1292 4197 dolebis,

177 4237 236 4303 ego
262 4216 403 4284 ridebo.''
426 4216 533 4282 Suara
555 4235 684 4282 carmen
706 4220 763 4299 est,
785 4235 864 4281 num
887 4217 956 4281 veri
978 4218 1095 4283 amoris
1116 4206 1292 4303 quidquam
