2954 5130
725 529 787 594 131

309 716 364 781 An
385 716 465 780 mihi
487 715 530 781 sit
551 716 632 780 tenti
654 715 763 782 doctos
786 732 979 799 cognoscere
1001 715 1147 780 Athenas

356 828 466 913 Atque
486 828 584 894 Asine
606 833 730 895 veteres
752 846 882 895 cernere
904 828 1043 913 diutius,

311 943 356 1009 Ut
377 943 457 1007 mibi
479 943 616 1009 deducto
637 943 732 1008 faciut
753 943 893 1008 convitio
915 944 1017 1028 puppi

356 1054 494 1139 Cynthio
516 1061 548 1122 et
569 1057 693 1122 insonis
716 1075 772 1122 oro
794 1060 884 1122 notet
906 1055 1066 1140 munibus,

313 1168 496 1256 Osculaque
518 1172 662 1256 opposito
686 1171 770 1236 dicat
793 1170 855 1236 sibi
877 1169 985 1236 debite
1006 1173 1107 1235 vento

355 1285 397 1350 Et
419 1285 499 1350 nihil
521 1285 620 1351 infido
643 1286 758 1351 durius
779 1304 851 1352 esse
872 1286 970 1351 viro?

222 1449 460 1516 Paenultimum
495 1468 590 1534 quem
621 1449 714 1515 ottuli
742 1469 874 1515 versum
905 1468 1002 1534 quem
1030 1449 1136 1535 lepide
1159 1447 1298 1534 explicet

177 1563 386 1630 Burmannus
408 1560 541 1629 vide'in
564 1562 709 1629 Sontenii
731 1565 947 1629 annotatione.

221 1675 313 1744 Duru
336 1682 385 1744 est
408 1676 554 1765 Cynthio,
578 1678 634 1744 sed
656 1679 721 1743 nisi
743 1677 858 1744 fuisset
880 1696 947 1742 non
969 1681 1036 1743 tum
1060 1675 1101 1742 ob
1123 1695 1223 1743 unam
1236 1675 1298 1741 sibi

179 1809 366 1857 conoessum
407 1796 534 1858 noctem
572 1792 734 1858 exsultare
766 1794 923 1878 potuisset
956 1797 1056 1878 po’ets
1090 1790 1187 1858 Nune
1221 1791 1301 1857 mibi

178 1905 297 1991 elegius
328 1905 347 1969 6
379 1908 411 1970 et
443 1907 460 1969 7
493 1906 567 1971 libri
589 1905 641 1970 111
661 1906 747 1992 legat
771 1908 919 1993 quemvis
941 1925 1073 1973 severus
1097 1911 1129 1972 et
1151 1924 1300 1971 morosus

179 2039 308 2086 censor:
343 2041 459 2087 munus
490 2021 565 2087 dure
594 2024 727 2107 cogetur
757 2020 995 2088 efficacissimae
1026 2021 1145 2088 summi
1167 2019 1301 2086 artificis

181 2135 344 2200 scientiae.

224 2247 333 2326 Quum
366 2267 462 2314 evoro
492 2266 563 2315 esse
593 2249 693 2315 soleat
723 2247 869 2335 Cynthio,
893 2254 1014 2336 quanto
1037 2250 1183 2335 agnoseit
1204 2252 1298 2335 pobte
1441 2298 1445 2311 .

176 2362 297 2448 gaudio
323 2383 382 2428 sue
405 2362 445 2428 ub
468 2362 523 2428 ills
546 2364 687 2429 carmine
710 2363 830 2429 divitiis
852 2365 1002 2450 anteponi
1025 2363 1097 2450 (111,
1117 2364 1169 2448 22,
1191 2364 1300 2449 5sq.):

312 2523 396 2591 Num
419 2544 492 2591 mes
514 2543 589 2590 oum
611 2527 732 2610 recitet,
753 2525 831 2591 dioit
854 2544 890 2592 se
914 2525 1021 2592 odisse
1043 2523 1172 2593 beatos:

360 2639 508 2705 Carmine
529 2644 594 2704 tam
618 2644 728 2706 sancte
750 2639 842 2705 nullo
863 2639 972 2725 puelle
994 2639 1079 2706 colit

225 2801 290 2880 Qui
323 2802 463 2887 puellum
494 2821 590 2886 quem
614 2799 676 2867 sibi
697 2799 917 2867 fidelissimam
939 2801 1117 2868 crediderat
1139 2821 1214 2868 oum
1238 2801 1301 2868 clio

180 2916 399 3002 deprehendit,
432 2917 504 2981 iure
536 2915 630 2999 dolet,
660 2916 815 3000 queritur,
844 2915 1046 2982 lamentatur.
1076 2914 1199 2982 llodem
1229 2916 1301 2982 inre

178 3036 281 3097 semet
312 3031 420 3116 ipsum
451 3033 578 3096 accusat
607 3028 794 3116 Propertius
823 3035 856 3096 et
879 3029 1060 3116 Cynthium,
1083 3050 1181 3117 quom
1203 3031 1299 3097 toties

176 3146 319 3212 levitatis
353 3146 517 3230 accusarit,
550 3144 700 3209 leudibus
733 3143 839 3210 effert:
872 3163 966 3211 mone
996 3145 1083 3211 enim
1105 3145 1300 3231 suspicionis

177 3261 297 3347 plenus
331 3261 371 3325 nd
401 3278 472 3326 eom
501 3258 560 3325 ubi
581 3260 679 3343 venit,
701 3264 788 3325 caste
809 3264 842 3325 et
864 3259 981 3345 pudice
1002 3259 1105 3325 solum
1129 3257 1301 3325 cubantem

177 3375 320 3456 invenit3
354 3374 643 3460 dignissimumque
672 3392 708 3439 se
732 3373 793 3439 beo
815 3376 936 3440 amicas
957 3374 1204 3461 reprehensione
1229 3391 1304 3439 oum

180 3489 291 3555 dolore
313 3489 457 3574 agnoseit
479 3486 548 3572 (III,
572 3487 625 3572 27,
648 3487 689 3552 31
714 3489 815 3574 sqq.):

317 3638 409 3723 „Quo
432 3643 468 3704 tu
491 3636 689 3704 matutinns”
713 3639 759 3704 uit
782 3638 983 3724 „speculator
1005 3637 1149 3704 amicae?

357 3753 411 3820 lle
434 3753 572 3820 similem
594 3754 709 3820 vestris
731 3753 877 3819 moribus
899 3772 971 3819 esse
992 3752 1114 3838 putes?

315 3867 389 3932 Non
409 3886 468 3952 ego
490 3872 556 3932 tum
577 3866 698 3933 fsdlis:
723 3871 773 3933 sat
794 3869 856 3933 erit
878 3868 957 3932 mihi
981 3867 1135 3954 cognitus
1158 3885 1253 3953 unus,

359 3981 423 4048 Vel
443 3986 481 4048 tu
501 3981 552 4047 vel
576 3982 680 4066 siquis
699 3984 810 4047 uerior
831 4000 902 4049 esse
924 3979 1059 4068 potest'’

181 4148 258 4215 Iure
280 4151 350 4214 tum
374 4164 409 4212 se
432 4145 600 4211 exclusum
623 4143 749 4210 tutetur.

226 4261 327 4349 Saepe
360 4264 471 4347 peccet
503 4257 649 4345 Cynthio,
681 4259 739 4326 sed
768 4278 918 4347 percusso
947 4278 1017 4328 enm
1047 4263 1197 4348 poenitet
1222 4257 1305 4329 'llum
1407 4321 1412 4338 ,
