2954 5130
707 524 770 587 175

178 731 249 778 esse
273 711 396 797 Ouidio,
420 732 547 778 summo
569 713 633 797 ipsi
656 710 777 795 artifici,
800 730 928 777 oarmen
951 716 1098 777 nostrum
1120 716 1158 777 ut
1180 717 1293 798 sponte

179 845 214 892 se
245 831 276 892 et
304 825 488 910 frequenter
515 825 672 890 nonnulla
695 827 764 891 eius
786 823 943 890 voeabula
964 825 1012 889 illi
1032 824 1181 891 scribenti
1204 825 1295 892 offar-

177 944 258 1006 rent
281 940 458 1006 Videamus
480 947 587 1005 tamen
611 939 729 1024 quibus
752 940 948 1025 argumentis
972 941 1017 1003 ita
1038 958 1073 1005 se
1092 958 1159 1004 rem
1178 939 1294 1005 habere

179 1053 316 1120 affirmet
339 1054 534 1140 Zingerleus.

228 1167 415 1250 „Primum”
439 1167 625 1253 Zingerleus
644 1168 688 1232 ait
698 1166 766 1250 „bis
778 1168 813 1231 in
825 1167 934 1233 eadem
946 1166 1046 1251 elegia
1057 1165 1159 1248 (Trist.
1170 1165 1228 1251 IV,
1241 1168 1293 1249 10)

179 1279 316 1346 Ovidius
341 1280 499 1366 quaedam
522 1300 564 1346 ex
587 1299 624 1346 eo
643 1281 677 1344 in
690 1299 766 1345 suos
778 1279 928 1345 transfert
938 1298 1060 1346 versus.
1072 1279 1294 1365 Melpomenes

132 1481 136 1490 .
178 1395 335 1460 Horatius
357 1395 547 1480 alloquitur:

358 1555 451 1634 Quod
474 1559 559 1643 spiro
583 1562 614 1623 et
634 1558 753 1643 placeo,
776 1558 804 1623 si
825 1557 943 1643 plaoeo,
964 1561 1097 1642 tuumst‚

179 1732 317 1800 Ovidius
339 1735 417 1800 haee
439 1733 535 1800 habet

356 1907 441 1994 Ergo
466 1908 553 1992 quod
576 1909 650 1973 rivo
673 1908 827 1993 durisque
848 1907 1011 1973 laboribus
1035 1907 1125 1974 obsto

400 2020 468 2086 Neo
491 2041 542 2087 me
565 2022 718 2087 sollicitae
741 2022 844 2087 taedia
865 2021 948 2087 lueis
972 2021 1099 2115 habent,

359 2134 467 2200 Gratia
488 2134 583 2200 Musa
604 2134 670 2200 tibi.

224 2312 298 2378 Non
328 2312 498 2377 Horatium
528 2313 580 2376 hio
610 2312 705 2376 audio
729 2311 785 2376 sed
808 2311 906 2375 unius
929 2308 1036 2374 Ovidii
1058 2310 1294 2375 dilectissimam

180 2445 300 2491 rocem.
324 2425 365 2490 Et
389 2446 484 2510 quam
507 2425 578 2490 leve
600 2426 660 2489 hoo
682 2429 739 2508 est,
763 2444 859 2510 quam
882 2423 974 2489 mhili
994 2424 1080 2509 quod
1103 2423 1181 2489 alter
1199 2423 1294 2489 habet

181 2542 293 2625 quod
334 2543 466 2627 spiro,
507 2540 587 2605 alter
621 2541 731 2625 quod
764 2541 869 2632 vivo.
905 2537 949 2602 of.
984 2542 1146 2623 praeterea
1178 2537 1292 2603 Tibull.

178 2654 399 2740 IV,1,197:

403 2828 481 2894 Sum
505 2829 731 2913 quodcumque
753 2832 886 2893 tuumst.

224 3003 308 3068 Eece
330 3002 459 3066 tertium
483 3005 608 3086 potitam
632 3002 741 3066 eadem
765 3001 863 3067 verba
887 3002 948 3067 alio
973 3023 1052 3069 sono
1074 3003 1227 3070 edentem.

180 3118 308 3182 Horatii
331 3115 428 3181 verba
451 3121 528 3180 sunt

402 3279 443 3344 lot
465 3281 544 3343 iam
563 3279 657 3343 dente
681 3279 787 3344 minus
810 3279 957 3344 mordeor
979 3281 1096 3344 invido.

183 3431 309 3497 Ovidii:

358 3591 406 3657 Tu
428 3593 515 3675 mihi,
539 3592 623 3676 quod
648 3598 795 3677 rarumst,
819 3595 892 3657 vivo
916 3593 1052 3663 sublime
1076 3594 1190 3659 dedisti

400 3704 525 3770 Nomou
549 3704 588 3769 ab
613 3707 775 3790 exsequiis
799 3707 883 3791 quod
908 3707 982 3771 dare
1003 3707 1089 3771 fama
1111 3708 1200 3792 solet,

358 3818 426 3884 Neo
449 3821 504 3903 qui
529 3819 681 3884 detractat
703 3822 880 3905 praesentia
902 3820 985 3885 livor
1006 3823 1119 3906 iniquo

402 3934 512 3999 Ullum
537 3935 576 3999 de
598 3941 708 4000 nostro
731 3937 825 4000 dente
847 3938 1020 4001 momordit
1043 3956 1132 4022 opus.

227 4107 308 4173 Mihi
330 4109 457 4192 quidem
482 4108 672 4174 Ovidiauam
695 4110 828 4195 elegiam
849 4110 954 4195 legere
976 4113 1129 4197 pergenti,
1152 4113 1186 4177 in
1206 4131 1296 4178 men-

181 4230 246 4290 tem
281 4224 424 4307 veniunt
447 4242 513 4287 nou
536 4221 663 4329 Horatii
685 4224 782 4289 rerba
804 4225 959 4291 nonnulla
982 4226 1038 4292 sed
1059 4227 1162 4312 ipsius
1186 4226 1295 4293 Ovidii
