2954 5130
703 511 766 575 145

179 713 269 758 nunc
303 714 416 760 versus
450 700 527 761 sunt
560 696 730 782 Atque-
751 702 843 763 rates.
877 698 997 764 Veram
1031 703 1230 786 monstravit,
1266 706 1303 767 ut

180 809 303 893 opinor,
326 810 413 874 viam
435 808 643 876 Burmannus
666 811 821 896 legendo:

315 972 384 1037 Aut
407 991 465 1058 ego
488 977 557 1038 tum
582 974 708 1040 rideam
730 974 841 1040 faciles
865 975 1031 1041 subsidere
1055 981 1176 1042 ventos.

179 1137 228 1202 Ea
250 1142 359 1203 autem
389 1143 515 1224 recepta
542 1138 762 1205 emendatione
786 1144 818 1205 et
842 1144 967 1205 servato
989 1141 1125 1225 pristino
1148 1159 1303 1206 versuum

181 1251 301 1335 ordine,
323 1252 485 1318 levissima
510 1254 603 1318 etiam
624 1251 775 1318 accedere
795 1251 889 1318 debet
907 1255 1077 1335 correctio,
1098 1272 1155 1338 pro
1174 1255 1304 1339 patia-

181 1369 250 1429 tur
283 1366 368 1430 enim
403 1365 575 1450 legendum
610 1370 658 1431 est
690 1366 922 1451 patiantur.
953 1366 1007 1432 Sic
1040 1369 1147 1432 omnia
1177 1369 1303 1453 egregie

180 1477 359 1563 procedunt
378 1482 410 1544 et
427 1479 641 1564 pulcherrima
661 1480 787 1544 exsistit
807 1481 981 1545 sententia:
1006 1500 1043 1564 ,o
1056 1482 1190 1564 utinam,
1201 1501 1303 1566 quum

180 1592 243 1657 iam
269 1610 287 1656 e
308 1596 404 1676 portu
427 1593 506 1657 exiit
529 1594 621 1657 navis
646 1612 710 1677 qua
733 1592 868 1676 veheris,
891 1598 922 1658 et
944 1594 979 1656 in
999 1594 1062 1658 alto
1082 1595 1163 1659 mari
1175 1598 1223 1659 esf
1235 1593 1306 1676 (hoc

181 1706 268 1770 enim
303 1705 461 1790 significat
499 1725 591 1788 ,cum
626 1704 685 1770 tibi
718 1710 884 1790 provectas
916 1705 1038 1772 auferet
1068 1705 1155 1771 unda
1178 1705 1304 1790 rates'’)‚

181 1818 288 1884 subito
323 1821 421 1903 venti,
452 1819 599 1905 precibus
629 1821 709 1885 meis
738 1820 856 1904 faciles,
887 1819 1055 1886 subsidant
1086 1821 1230 1907 mihique
1259 1822 1304 1886 ita

180 1932 353 2018 praebeant
385 1934 569 2000 facultatem
600 1933 660 1999 tibi
690 1933 910 2009 crudelitatem
941 1940 1030 1999 tuam
1056 1934 1303 2020 exprobrandi.''

182 2045 277 2125 Quod
299 2051 406 2113 autem
427 2052 653 2132 provectas
677 2053 790 2113 rates
815 2048 892 2113 dicit
916 2047 1111 2133 Propertius,
1134 2055 1191 2114 aut
1210 2050 1303 2114 metri

181 2181 279 2226 causa
300 2181 358 2246 pro
382 2161 537 2246 singulari
561 2163 665 2227 uhtur
687 2161 813 2246 plurali,
836 2166 892 2227 aut
914 2163 969 2227 ille
992 2161 1147 2244 Cynthiae
1172 2167 1301 2256 amator,

180 2275 340 2361 Propertii
361 2275 480 2359 rivalis,
503 2272 605 2340 homo
620 2275 683 2340 fuit
705 2275 914 2341 nobiliacum
935 2277 1036 2341 classe
1054 2278 1089 2340 in
1101 2277 1298 2361 provinciam

179 2389 393 2475 profecturus

224 2502 268 2586 H,
297 2505 328 2586 4,
360 2504 399 2567 ll
432 2522 480 2588 sq.
516 2500 605 2579 Quae
638 2502 768 2567 Amoris
804 2503 869 2568 sint
899 2505 984 2568 vires
1015 2502 1065 2568 his
1090 2502 1180 2569 dccet
1204 2504 1302 2568 versi-

178 2616 242 2682 bus
267 2621 376 2702 potita:

313 2779 387 2845 Non
409 2781 461 2844 hic
484 2779 583 2844 herba
605 2779 696 2863 valet,
719 2798 784 2843 non
807 2778 859 2843 hic
882 2784 1040 2844 nocturna
1063 2777 1199 2862 Cytaeis,

358 2894 432 2959 Non
454 2893 657 2959 Perimedeae
680 2893 825 2978 gramina
847 2897 937 2958 cocta
959 2913 1084 2959 manus.

179 3055 254 3122 Non
289 3056 461 3121 admodum
496 3057 657 3141 eleganter
685 3053 840 3120 vocabula
869 3057 1061 3140 gramina
1083 3061 1203 3121 cocta
1226 3077 1299 3122 cum

178 3173 321 3257 genitivo
356 3173 545 3257 iunguntur,
575 3169 741 3254 multoque
772 3174 931 3254 praestare
962 3171 1083 3255 opinor>
1096 3170 1301 3237 Perimedeae

178 3287 325 3372 gemina
347 3289 435 3350 cocta
457 3304 594 3367 manu,
617 3288 655 3348 ut
676 3302 797 3348 manu
819 3284 861 3348 sit
880 3284 1016 3367 dativus,
1029 3283 1300 3368 quemadmodum

182 3408 213 3469 et
235 3401 262 3487 I,
287 3403 339 3486 ll,
366 3401 424 3465 12:

342 3566 510 3645 >Alternae
532 3563 634 3629 facilis
658 3563 769 3629 cedere
791 3563 923 3648 lympha
947 3583 1055 3647 manu,

180 3731 220 3796 ad
244 3749 341 3815 quem
363 3728 471 3793 locum
493 3727 567 3792 vide
589 3726 770 3793 Burmanni
793 3727 1039 3791 annotationem.

224 3845 252 3929 I,
284 3845 334 3918 17,
367 3845 408 3906 15
438 3863 483 3927 sq.
519 3841 612 3920 Quod
648 3842 774 3927 puellae
807 3842 934 3906 iniuriis
965 3839 1176 3905 exacerbatus
1198 3838 1301 3904 Roma

181 3959 296 4025 abierit
315 3963 350 4023 et
372 3957 444 4022 aliis
466 3955 574 4022 verbis
598 3957 806 4041 conqueritur
828 3959 921 4040 poeta
944 3959 976 4019 et
999 3955 1104 4018 hisce:

313 4121 430 4187 Nonne
451 4120 514 4185 fuit
536 4119 651 4185 melius
676 4118 824 4184 dominae
847 4119 1031 4204 pervincere
1050 4117 1180 4182 mores?

359 4234 515 4313 Quamvis
539 4233 620 4298 dura
640 4238 747 4299 tamen
772 4253 844 4297 rara
867 4231 973 4317 puella
994 4230 1064 4296 fuit

1167 4339 1201 4393 te
