2954 5130
694 524 735 587 79

154 716 192 776 ut
226 711 265 776 de
295 709 424 775 fortuito
454 727 614 774 consensu
645 726 687 772 ne
710 709 849 792 cogitare
872 708 1001 793 quidem
1025 709 1186 775 voluerint
1210 711 1272 775 viri

156 824 249 889 docti.
266 823 338 889 Hoc
360 829 467 889 tamen
491 840 611 907 quaeso
635 827 753 906 tecum,
776 819 899 902 Lector,
921 826 1058 905 reputes,
1082 823 1159 888 satis
1182 825 1273 888 inex-

155 943 318 1023 pectatum
345 916 422 1002 ¹esse
449 938 484 1000 in
515 937 655 1000 carmine
684 932 860 999 Horatiano
891 935 930 999 ab
962 937 1113 1001 extremis
1136 938 1273 1002 miseriis

157 1051 197 1116 ad
230 1071 389 1117 summam
419 1049 649 1115 beatitudinem
682 1050 870 1113 transitum:
903 1049 988 1133 piget
1010 1068 1127 1134 nempe
1149 1056 1273 1135 potitam

156 1164 324 1248 taedetque
345 1164 460 1228 harum
484 1168 649 1244 terrarum,
673 1181 754 1246 quas
774 1162 939 1226 hominum
960 1162 1055 1246 culpa
1073 1163 1165 1228 malis
1178 1169 1274 1249 atque

158 1278 320 1343 doloribus
349 1276 545 1362 impleverit;
574 1275 681 1341 subito
703 1275 779 1340 inde
803 1280 941 1341 mentem
966 1276 1088 1357 avertit,
1111 1277 1274 1341 meliorem

158 1397 276 1457 sortem
299 1392 525 1474 laetioremque
549 1390 657 1455 sedem
682 1389 872 1453 destinatam
895 1407 965 1454 csse
990 1390 1053 1473 piis
1071 1389 1200 1455 credero
1213 1389 1276 1456 lec·

157 1510 241 1570 tores
264 1504 354 1570 iubet
377 1511 408 1569 ct
430 1510 529 1569 semet
552 1504 657 1587 ipsum
683 1503 784 1587 cogit3
810 1521 875 1567 non
899 1504 984 1567 enim
1009 1509 1122 1587 sponte
1145 1506 1276 1570 emise-

157 1621 214 1685 riis
249 1639 329 1704 quas
363 1619 478 1702 aspicis
507 1618 621 1703 plenae
651 1616 873 1702 perfectaeque
898 1617 1104 1682 beatitudinis
1127 1620 1275 1703 cogitatio

158 1734 248 1797 nasci
278 1732 375 1812 solet;
399 1737 495 1816 atque
518 1732 565 1795 sic
590 1731 660 1796 eius
684 1749 812 1794 carmen
837 1748 854 1795 e
878 1730 1003 1795 duabus
1026 1730 1171 1815 partibus
1192 1733 1277 1797 inter

159 1864 194 1910 se
223 1846 449 1911 diversissimis
472 1844 626 1928 nulloque
649 1845 777 1908 vinculo
800 1845 918 1929 iunctis
942 1849 1074 1910 constat.
1096 1844 1277 1931 Virgiliana

159 1979 234 2025 rero
259 1960 298 2024 de
320 1958 451 2024 Saturni
472 1977 571 2043 reguo
595 1958 700 2022 denuo
722 1958 912 2023 inchoaturo
933 1959 1116 2024 vaticinatio
1136 1959 1222 2024 ultro
1242 1980 1279 2026 se

158 2079 269 2158 poiitae
291 2072 415 2156 obtulit,
439 2073 495 2158 qui
518 2073 612 2137 amici
633 2071 814 2137 felicitatem
837 2091 910 2136 cum
936 2071 1019 2137 bono
1040 2072 1168 2157 publico
1186 2076 1278 2139 iunc-

159 2191 225 2252 tam
264 2187 447 2252 laetissimis
484 2185 656 2250 celebraret
690 2183 844 2250 versibus.
879 2185 1062 2270 Insperatae
1096 2188 1183 2271 pacis
1217 2187 1278 2252 lux

160 2301 288 2366 tandem
320 2299 492 2384 aliquando
522 2285 641 2364 affulsit
671 2297 790 2383 populo
813 2296 976 2379 Romano,
1001 2299 1111 2364 eodem
1135 2306 1278 2385 tempore

160 2412 299 2479 Pollioni
339 2412 612 2497 praestantissimo
648 2413 766 2476 civium
803 2418 835 2477 et
870 2417 981 2496 potitae
1015 2415 1279 2480 coniunctissimo

161 2527 249 2594 filius
272 2529 430 2609 nascitur;
452 2527 531 2612 quid
549 2527 666 2590 mirum
687 2527 858 2610 utriusque
870 2527 1076 2610 cogitationes
1089 2529 1122 2591 in
1136 2547 1279 2594 summas

162 2662 250 2707 nunc
284 2642 410 2708 evolare
444 2641 526 2706 coeli
559 2640 685 2725 plagas,
720 2640 798 2724 quid
829 2646 936 2706 autem
968 2641 1170 2725 praeclarius,
1201 2643 1280 2727 quid

162 2758 264 2842 magis
305 2757 425 2841 optimo
459 2759 552 2840 podta
586 2754 718 2839 dignum
753 2772 823 2820 esse
855 2757 960 2839 potuit
994 2776 1091 2840 quam
1125 2776 1279 2823 renovare

162 2872 291 2956 pristini
325 2868 454 2952 saeculi,
485 2887 549 2954 quo
581 2867 673 2933 bouis
703 2867 893 2953 abundasse,
916 2869 1008 2935 malis
1031 2873 1172 2937 caruisse
1196 2878 1282 2937 mor&

164 2985 243 3050 tales
277 2984 492 3068 crederentur,
524 2983 719 3066 memoriam,
749 3002 884 3068 eamque
914 2984 1095 3050 felicitatem
1119 2994 1282 3054 crescente

163 3118 262 3183 puero
297 3099 354 3182 qui
387 3098 481 3163 modo
511 3103 606 3163 natus
639 3103 687 3162 est
717 3099 836 3162 sensim
866 3099 1041 3164 redituram
1072 3101 1278 3184 praedicere?

163 3211 252 3277 Haec
281 3213 367 3277 enim
394 3212 497 3296 prima
519 3217 568 3276 est
589 3211 652 3276 looi
675 3211 844 3296 Virgiliani
867 3215 982 3296 virtus,
1006 3213 1092 3298 quod
1115 3234 1181 3279 non
1207 3235 1282 3280 oon·

164 3328 256 3392 tinua
279 3327 360 3392 serie
383 3329 612 3391 enumerantur
632 3324 717 3389 bona
739 3343 821 3408 quae
844 3331 1033 3411 aspecturus
1057 3333 1105 3392 est
1126 3326 1281 3394 Pollionis

163 3439 266 3505 filius:
302 3438 468 3504 restabunt
498 3440 585 3504 onim
618 3439 758 3523 primum
793 3439 950 3523 quaedam
986 3438 1079 3526 signa
1112 3443 1283 3508 hodiernae

165 3555 329 3635 miseriae,
363 3554 440 3618 haec
474 3553 594 3617 sensim
630 3557 830 3637 evanescent,
862 3572 945 3618 nova
977 3574 1102 3640 semper
1131 3556 1284 3622 accedent

165 3666 259 3752 bona,
292 3669 339 3734 sic
368 3669 436 3753 ipse
466 3668 568 3752 magi·
591 3686 683 3733 suam
706 3668 821 3732 sentiet
842 3667 1033 3733 felicitatem.
1057 3667 1180 3734 Deinde
1204 3670 1283 3755 quid

167 3785 285 3849 mirum
319 3783 421 3849 multa
450 3783 633 3847 communia
662 3780 777 3848 habere
807 3781 936 3867 Virgilii
958 3782 1148 3868 Horatiique
1170 3784 1281 3850 locos?

166 3896 280 3962 Totum
315 3897 400 3961 enim
435 3895 495 3960 hoo
523 3896 693 3960 inventum
724 3896 885 3979 poeticum
908 3899 1088 3961 communis
1111 3897 1203 3962 locus
1226 3903 1284 3982 est,

168 4010 224 4075 scd
253 4010 337 4075 alius
366 4008 428 4074 alio
452 4008 546 4073 modo
568 4027 642 4074 eum
666 4013 803 4072 exornat
824 4013 924 4093 potita,
947 4010 1031 4074 idem
1054 4016 1282 4094 argumentum

165 4127 343 4190 tracmuut
376 4120 541 4207 Virgilius,
575 4121 740 4204 Horatius,
775 4119 911 4188 Ovidius
942 4128 975 4187 et
1004 4124 1078 4208 quie
1109 4143 1194 4206 n0n3
1226 4124 1284 4190 sed

169 4257 266 4329 quam
287 4236 381 4302 facila
406 4241 455 4303 est
475 4241 540 4302 tres
562 4236 615 4300 hic
637 4235 871 4301 diversissimos
890 4230 1063 4322 agnoscere
1084 4237 1212 4322 poetas!
1236 4236 1283 4308 Ut
