2954 5130
718 505 760 569 62

178 697 309 761 nuntios
340 697 397 780 qui
418 693 585 761 Caesarem
608 695 773 760 certiorem
797 692 915 758 faciant
937 696 1042 759 totum
1065 695 1175 763 orbem
1198 701 1294 765 terra-

179 828 251 893 rum
275 810 337 874 iam
358 827 428 875 esse
448 807 641 874 subactum?
660 806 723 873 Sed
742 827 806 892 quo
825 807 906 873 illud
924 815 1094 894 praeter
1112 815 1294 878 atrocem

179 925 359 989 animum
381 922 555 989 Catonis
578 922 764 988 vertamus?
786 922 840 987 An
859 924 1048 989 nuntiorum
1067 944 1165 1010 unus,
1184 945 1294 1012 quem·

179 1036 351 1102 admodum
381 1037 416 1101 in
445 1033 563 1101 fabulis
592 1034 629 1099 fit
658 1034 849 1120 Euripideis,
872 1054 1028 1121 suprema·
1045 1036 1176 1105 Catonis
1199 1039 1295 1106 verba

178 1152 292 1217 referet
325 1155 357 1215 et
391 1154 511 1234 quanta
545 1167 580 1215 se
616 1149 670 1214 ille
704 1150 882 1215 constantia
912 1153 1105 1235 percusserit
1128 1153 1294 1219 narrabit?

178 1263 241 1330 Vel
264 1265 311 1329 sic
333 1268 438 1328 tamen
463 1300 505 1310 -
529 1267 560 1328 et
582 1267 631 1328 est
653 1267 690 1327 nt
711 1262 801 1327 rides
825 1262 994 1348 explicatio
1018 1268 1068 1329 sat
1085 1265 1295 1352 longearoes·

179 1379 241 1444 site
260 1415 302 1426 -
321 1376 409 1442 istud
427 1381 595 1462 praeter
617 1381 797 1441 atrooem
821 1378 1002 1442 animum
1027 1376 1202 1445 Catonis
1221 1399 1295 1445 oon·

180 1495 270 1575 torte,
305 1490 449 1574 obscure,
483 1489 633 1575 ambigue
663 1491 784 1555 dictum
816 1495 864 1556 est
886 1508 961 1575 pro:
989 1489 1169 1577 ,Catonem
1194 1510 1295 1578 quum

179 1607 244 1670 iam
266 1608 353 1670 totus
377 1603 463 1669 orbis
486 1608 643 1669 terrarum
668 1601 820 1668 subactus
844 1609 936 1687 esset,
959 1609 1065 1670 umen
1089 1610 1122 1670 et
1139 1605 1246 1672 verbis
1264 1610 1296 1672 et

181 1723 283 1786 morte
304 1721 461 1784 invictum
483 1723 652 1784 testamem
681 1716 857 1783 animum”.

227 1882 358 1946 25-28
403 1879 486 1946 Iuno
510 1884 542 1946 et
564 1880 696 1946 deorum
721 1881 870 1966 quisquis
894 1882 1025 1948 amicior

401 1994 489 2060 Aliis
512 1995 616 2060 inulta
639 1999 777 2060 cesserat
797 1995 956 2080 impotens

445 2109 579 2192 Tellure,
601 2109 762 2174 victorum
789 2114 920 2194 nepotes

491 2221 627 2287 Rettulit
648 2223 777 2288 inferias
800 2221 984 2308 Iugurthae.

229 2397 424 2484 „Iugurtha”
455 2398 540 2463 docti
569 2401 833 2463 commentatores
864 2398 955 2462 aiunt
980 2397 1038 2480 ,de
1060 2399 1222 2466 industria
1243 2401 1294 2466 hio

183 2534 202 2579 a
222 2517 315 2598 poeta
337 2514 536 2577 nominatur:
556 2511 661 2576 noluit
680 2510 929 2597 Carthagini
950 2512 1054 2578 dicere
1072 2513 1124 2578 rel
1142 2513 1296 2580 Hanni-

182 2625 286 2710 bali,
317 2626 468 2711 quoniam
492 2644 529 2690 eo
553 2629 699 2709 tempore.
715 2623 900 2710 Iugurthini
922 2623 998 2690 belli
1021 2627 1173 2691 memoria
1195 2628 1296 2693 multo

184 2745 252 2805 erat
274 2740 431 2805 recentior
454 2739 540 2823 apud
558 2738 719 2803 Romanos
739 2758 835 2823 quam
856 2736 1155 2824 Carthaginiensis’'.
1167 2740 1296 2807 Nullam

184 2873 328 2938 unquam
352 2853 419 2918 vidi
441 2854 677 2918 annotationem
700 2873 764 2937 qua
788 2853 889 2937 magis
913 2859 1019 2937 aperte
1042 2854 1298 2923 dissimularetur

183 2966 216 3031 id
248 2966 333 3050 quod
364 2966 534 3032 dicendum
566 2971 640 3031 erat
664 2966 718 3031 An
741 2968 824 3031 serio
849 2967 1021 3051 quisquam
1045 2968 1174 3034 credere
1196 2974 1299 3054 potest

182 3081 286 3145 ullum
309 3100 453 3165 unquam
471 3079 652 3145 Romanum
671 3080 738 3145 ullo
757 3086 899 3166 tempore
920 3079 1119 3166 Carthaginis
1131 3087 1163 3147 et
1174 3082 1298 3149 Hanni·

183 3194 264 3260 balis
287 3213 357 3260 esse
380 3193 541 3259 oblitum?
559 3192 729 3278 Vivebont,
748 3197 785 3258 ut
804 3196 925 3279 opinor,
945 3213 983 3261 ea
1001 3196 1132 3260 nomina
1144 3198 1297 3280 quamdiu

184 3311 270 3375 stetit
291 3309 461 3394 imperium
483 3305 683 3388 Romanum3
709 3312 741 3373 et
763 3309 859 3379 etiam
880 3308 975 3393 plane
997 3308 1117 3374 indocti
1139 3308 1196 3375 illa
1218 3329 1299 3377 sem·

184 3444 242 3510 per
275 3426 310 3489 in
343 3443 397 3490 ore
426 3422 601 3504 habebant,
634 3422 689 3489 sed
720 3421 811 3488 facile
834 3421 904 3488 fieri
926 3424 1030 3508 potuit
1052 3430 1090 3489 ut
1112 3444 1190 3490 mox
1213 3445 1299 3493 unus

185 3543 218 3604 et
248 3539 328 3604 alter
360 3539 395 3603 in
428 3538 529 3603 literis
562 3557 676 3622 parum
711 3542 856 3603 versatus
892 3539 965 3622 quis
998 3538 1155 3623 Iugurtha
1187 3539 1301 3606 fuisset

184 3655 328 3719 nesciret.
364 3651 449 3730 Quin
483 3654 591 3737 potius
622 3651 841 3735 confiteamur,
873 3653 907 3716 id
943 3654 1029 3737 quod
1063 3653 1168 3739 obtegi
1199 3654 1300 3720 dootis

185 3767 373 3832 commentis
407 3785 575 3850 nunquam
609 3766 733 3849 poterit,
762 3764 834 3829 ideo
866 3765 917 3830 hic
946 3765 1137 3851 Iugurtham
1160 3768 1298 3852 positum

186 3899 256 3946 esse
279 3882 355 3966 quia
377 3884 514 3946 metrum
537 3878 751 3944 Hannibalem
774 3883 805 3944 et
828 3877 1051 3964 Carthaginem
1071 3900 1135 3945 non
1156 3882 1302 3949 admitte·

186 3992 248 4058 bat
268 3993 329 4059 Sed
343 3997 411 4059 tota
423 3995 485 4058 ista
496 3992 622 4058 Africae
634 3993 890 4057 commemoratio
903 4013 1057 4077 quorsum
1070 3993 1121 4058 hic
1132 3994 1301 4062 inlicitur?

185 4105 328 4173 Hoocine
360 4107 487 4173 Africae
520 4107 669 4173 solatium
699 4107 763 4172 fuit
793 4108 947 4192 pristinae
975 4107 1074 4172 cladis
1104 4108 1298 4178 allomeris
1388 4109 1392 4115 ’

88 4323 90 4327 ¹
182 4226 330 4311 >acceptae
352 4220 439 4307 quod
461 4241 521 4287 sua
538 4225 622 4287 terra
639 4219 785 4286 Romano
796 4219 937 4288 maderet
948 4221 1298 4313 mgmueiNuhaene
