2954 5130
724 512 767 574 43

183 697 277 780 pretii
309 695 478 760 immolent
509 694 696 779 pontifices’'
721 695 890 780 (Populine
912 693 1050 758 Romani
1072 713 1178 775 causa,
1202 713 1243 757 an
1265 711 1303 758 eo

180 809 367 894 pontificum
410 809 540 874 nomine
573 811 704 874 omuino
739 810 899 874 divites
933 806 1197 891 significanturll.
1235 805 1304 888 „Te

180 944 262 1008 opus
295 942 361 987 non
396 929 444 988 est
467 943 616 1007 magnam
639 925 750 988 ovium
775 928 912 987 mactare
935 920 1081 1006 eopiam'’
1106 920 1245 1003 (Melius,
1267 922 1303 983 ni

179 1040 279 1123 fallor,
313 1039 576 1124 praecedentibus
610 1041 763 1105 armentis
786 1060 852 1104 una
874 1040 943 1103 ovis
968 1041 1182 1122 opponeretur
1205 1055 1301 1119 quam

179 1153 311 1219 multa
334 1152 485 1218 caedes
508 1151 766 1231 bidentium
792 1171 892 1236 quare
915 1151 1088 1215 admodum
1114 1150 1303 1234 elegansest

180 1265 394 1351 Peerlkampii
418 1267 601 1353 coniectura
623 1285 682 1349 pro
713 1269 920 1349 temptare
943 1264 1075 1328 multa
1098 1262 1224 1327 caede
1247 1260 1303 1325 bi·

181 1381 371 1445 dentium
394 1380 530 1464 legentis
550 1385 718 1445 certare
741 1380 873 1444 multa
895 1376 1023 1442 caede
1046 1375 1301 1441 bidentium:

179 1496 208 1558 si
230 1493 325 1557 homo
350 1493 439 1558 dives
459 1494 576 1558 multas
600 1512 676 1558 oves
699 1496 825 1575 mactat,
844 1490 981 1573 Phidyle
993 1510 1058 1555 una
1070 1508 1129 1554 ove
1141 1487 1301 1554 offerenda

177 1609 241 1672 iam
266 1608 427 1692 praeclare
449 1627 508 1672 suo
531 1626 606 1692 ergo
629 1607 705 1672 deos
729 1606 833 1671 officio
856 1605 966 1671 functa
988 1610 1054 1685 est3
1078 1623 1144 1668 non
1158 1623 1239 1688 opus
1253 1607 1303 1668 est

180 1727 217 1788 ut
235 1741 408 1788 numero
430 1723 607 1788 hostiarum
632 1727 731 1788 certet
752 1742 827 1787 oum
851 1721 1024 1802 divitibus).
1049 1718 1149 1784 Credo
1172 1718 1302 1783 iambis

178 1836 269 1901 lectis
302 1835 530 1920 pauperculam
564 1840 706 1901 nostram
743 1835 782 1900 de
812 1835 910 1901 rebus
933 1836 1001 1900 suis
1023 1833 1093 1898 fieri
1112 1832 1299 1898 sollicitam:

178 1951 318 2035 primum
354 1970 469 2015 manus
503 1949 566 2016 sibi
584 1950 756 2016 tollendas
788 1969 867 2032 esse,
897 1951 926 2015 si
955 1950 1009 2033 pia
1041 1967 1111 2013 esse
1141 1947 1227 2030 velit,
1250 1965 1302 2011 co-
1406 1959 1408 1964 ·

177 2066 319 2148 gnoscit:
343 2064 463 2148 gaudet
484 2066 566 2145 iam;
590 2064 650 2130 hoo
673 2066 759 2128 enim
780 2064 923 2148 quotidie
944 2067 1095 2127 nascente
1105 2062 1185 2125 luna
1195 2059 1300 2126 facere

179 2177 267 2242 solet.
301 2176 407 2242 Farris
441 2178 624 2244 addendum
655 2183 704 2244 est
734 2179 873 2262 aliquid:
899 2196 940 2242 ne
963 2177 1024 2244 hoc
1047 2175 1177 2260 quidem
1203 2174 1300 2238 nimis

177 2309 282 2376 grave.
318 2288 403 2366 Quid
427 2309 503 2356 vero
526 2292 556 2356 si
578 2311 705 2375 porcam
730 2311 860 2376 quoque
883 2290 927 2354 dii
949 2289 1137 2373 postulant?
1161 2289 1207 2351 At
1228 2288 1302 2350 uni-

139 2429 141 2435 ’
178 2423 249 2468 cam
282 2403 378 2468 habet
404 2423 540 2489 eamque
571 2409 636 2469 tom
661 2405 785 2469 avidam
812 2411 848 2470 ut
870 2404 1031 2469 interdum
1058 2405 1116 2467 vix
1140 2401 1299 2486 quomodo

179 2518 208 2582 ei
247 2516 397 2600 praebeat
430 2517 587 2602 pabulum
621 2519 707 2583 sciat.
743 2509 851 2602 Auget
883 2519 1017 2582 miserae
1052 2516 1300 2582 sollicitudinem

177 2635 271 2715 poeta
306 2632 467 2696 mentione
504 2632 544 2696 de
568 2650 627 2696 ove
649 2631 837 2712 inlicienda3
861 2651 936 2695 nam
961 2631 1047 2715 quod
1070 2629 1222 2694 multis
1245 2628 1300 2693 bi-

111 2820 114 2824 *
179 2743 380 2808 dentibus
403 2763 484 2828 opus
507 2764 572 2808 non
596 2764 666 2810 esse
690 2745 775 2827 dicit,
797 2744 929 2810 irridere
951 2744 1084 2809 videtur.
1103 2742 1199 2808 Unde
1212 2744 1297 2808 enim

129 2920 131 2923 ,
180 2857 240 2923 sibi
275 2858 393 2923 multas
431 2858 533 2924 oves?
563 2857 746 2924 Dummodo
774 2868 882 2924 suam'
903 2858 965 2923 sibi
990 2878 1118 2943 porcam
1143 2876 1300 2942 suamque

178 2990 268 3036 ovem
304 2990 431 3037 servare
460 2973 562 3056 possit
598 2977 648 3037 sat
682 2972 746 3037 sibi
780 2972 869 3036 dives
905 2971 1048 3036 videtur:
1081 2989 1177 3055 saepe
1213 2971 1300 3035 enim

177 3087 291 3151 metuit
324 3105 366 3151 ne
391 3086 490 3152 altera
513 3087 686 3171 aliquando
709 3087 841 3152 alterius
865 3105 962 3151 causa
986 3087 1030 3151 sit
1052 3085 1229 3150 vendenda
1251 3085 1297 3152 At

178 3202 307 3265 anxiam
336 3201 399 3265 iam
434 3206 466 3266 et
487 3202 545 3265 vix
568 3203 620 3267 sui
643 3207 821 3287 compotem
843 3203 912 3286 ipse
931 3205 1024 3285 poeta
1047 3200 1177 3282 solatur,
1200 3199 1300 3284 idque

179 3314 255 3381 facit
285 3335 351 3380 non
383 3316 566 3381 admonitus
590 3322 621 3381 et
642 3318 687 3381 ita
710 3323 747 3381 ut
769 3317 847 3381 satis
869 3317 977 3400 inepte
1001 3313 1062 3380 sibi
1086 3314 1296 3398 obloquatur:

178 3428 284 3495 subito
309 3429 395 3494 enim
415 3435 447 3496 et
470 3430 577 3496 missis
601 3449 684 3514 quae
706 3435 799 3495 antea
822 3449 840 3494 a
862 3429 1001 3512 Phidyle
1021 3428 1193 3511 postulavit
1217 3429 1298 3494 satis

181 3561 251 3609 esse
282 3543 371 3607 illam
396 3543 547 3608 admonet
569 3544 706 3610 Penates
729 3563 806 3609 suos
829 3542 962 3608 floribus
986 3544 1154 3607 coronisve
1177 3560 1298 3607 ornare.

179 3657 288 3740 Atque
322 3657 357 3720 in
390 3657 450 3720 hac
484 3658 612 3741 quidem
645 3662 756 3743 potitae
779 3659 1002 3740 inconstantia,
1027 3658 1174 3741 quamvis
1196 3676 1233 3722 ea
1256 3659 1299 3723 sit

180 3770 282 3853 obvia,
317 3774 424 3836 tamen
459 3772 568 3856 aliquo
592 3772 686 3837 modo
710 3773 912 3856 acquiescere
934 3791 1125 3856 possumus3
1153 3772 1298 3838 ultimam

182 3885 343 3970 stropham
379 3884 513 3970 probare
547 3886 637 3950 nullo
669 3886 762 3950 modo
795 3905 976 3971 possumus,
1007 3905 1089 3970 quae
1111 3886 1180 3969 vix,
1203 3886 1298 3950 etiam

182 3999 296 4064 sisela
320 4003 352 4062 et
373 4017 432 4083 per
454 4018 489 4063 se
512 4000 583 4084 ipsa
605 4005 774 4084 spectetur,
787 4000 933 4085 'intelligi
957 4001 1126 4085 poenitet,
1146 4001 1298 4084 quoniam

180 4091 244 4176 tarn
269 4131 378 4176 secum
403 4117 502 4177 certat
525 4133 622 4198 quam
646 4133 719 4179 cum
743 4113 1017 4199 praecedentibus,
1042 4118 1144 4178 totum
1168 4133 1298 4180 carmen

182 4244 313 4309 prorsus
344 4225 518 4292 obscurum
553 4227 656 4293 reddit
686 4233 717 4292 et
743 4246 842 4293 sensu
876 4247 1013 4293 cassum.
1042 4227 1188 4293 Primum
1211 4229 1299 4293 nul-
