2954 5130
245 733 307 798 Vel
336 751 439 797 unum
469 730 550 794 illud
581 746 755 793 acervos
785 727 833 790 sic
854 725 941 790 nude
963 725 1103 808 positum
1124 723 1315 788 sententiam

202 848 349 914 claudam
369 845 473 912 reddit
493 848 525 909 et
544 842 754 926 subineptam.
773 840 947 925 Egregium
960 857 1036 903 vero
1048 843 1097 903 est
1108 836 1194 921 quod
1204 837 1317 920 reponi

203 961 298 1028 iussit
318 958 576 1042 Peerlkammus:

532 1161 669 1227 remum
691 1142 856 1225 proprium
878 1145 975 1224 atque
997 1144 1103 1204 tutum

423 1255 578 1321 Deferens
601 1256 669 1337 uni,
692 1253 839 1318 diadema
860 1257 892 1318 et
914 1253 986 1316 auri

425 1369 579 1454 Quisquis
601 1370 747 1453 ingentes
771 1367 864 1432 oculo
886 1367 1032 1431 irretorto

513 1481 639 1568 Spectat
662 1499 801 1547 acervos

248 1685 290 1769 Π,
314 1687 343 1751 5.
381 1684 533 1749 Amicum
566 1699 674 1746 amore
708 1680 868 1765 puellulae
901 1681 1091 1743 immaturae
1125 1681 1252 1761 captum
1287 1680 1319 1741 et

206 1799 267 1864 alia
290 1804 322 1865 et
345 1798 423 1863 haec
445 1795 594 1862 admonet
615 1793 786 1859 Horatius:

566 1980 568 1984 '
695 1979 782 2045 Tolle
804 1978 987 2063 cupidinem

427 2096 565 2161 Immitis
587 2112 687 2159 uvae:
710 2095 775 2158 iam
797 2091 857 2157 tibi
879 2092 995 2157 lividos

471 2207 656 2294 Distinguet
678 2212 855 2272 autumnus
877 2224 1019 2271 racemos
1136 2192 1138 2195 ’

514 2321 681 2407 Purpureo
703 2321 812 2385 varius
836 2320 948 2385 colore.

251 2509 368 2577 Nonne
403 2512 588 2596 quicunque
621 2511 656 2574 in
690 2514 832 2593 tempore
861 2525 982 2573 memor
1006 2512 1055 2573 est
1077 2508 1237 2573 notissimi
1258 2508 1320 2573 loci

209 2623 367 2710 Ovidiani,
391 2644 486 2710 quem
510 2630 542 2690 et
562 2623 804 2707 Peerlkampius
827 2621 935 2687 affem:

600 2815 637 2874 ut
659 2811 756 2874 variis
779 2809 860 2874 solet
881 2828 945 2875 uva
966 2809 1100 2876 racemis

362 2923 488 2991 Ducere
509 2942 709 3008 purpureum
731 2923 875 2988 nondum
899 2927 1025 2988 matura
1047 2923 1183 2990 colorem

208 3111 342 3178 verbum
373 3111 617 3196 distinguet
646 3110 710 3177 fere
740 3111 933 3175 contrarmm
957 3111 1027 3177 eius
1050 3111 1229 3197 significare
1251 3132 1323 3179 sen-

209 3226 248 3289 tit
267 3225 353 3310 quod
371 3225 424 3289 hic
442 3225 626 3308 requiritur,
645 3225 803 3307 uniceque
823 3225 999 3290 sententiae
1017 3230 1127 3309 aptum
1146 3244 1215 3291 esse
1235 3227 1321 3311 quod

208 3337 448 3421 Peerlkampius
460 3338 607 3402 coniecit:
626 3337 843 3402 distendet
862 3342 1091 3403 autumnus
1110 3341 1320 3405 racemos?

254 3449 412 3516 Omnibus
442 3451 508 3516 illis
530 3450 609 3515 locis
633 3469 714 3534 quos
737 3451 905 3534 hucusque
928 3452 1020 3516 attuli
1043 3454 1121 3517 satis
1145 3458 1193 3518 est
1216 3452 1323 3519 Peerl-

208 3564 328 3647 kampii
361 3565 582 3628 annotationes
612 3563 774 3649 perlegere
804 3569 840 3628 ut
875 3583 1000 3629 summa
1031 3568 1188 3631 movearis
1222 3567 1322 3632 admi-

210 3677 339 3741 ratione.
369 3675 483 3760 Neque
513 3681 619 3741 tamen
650 3677 685 3739 in
719 3677 916 3742 coniectandi
950 3677 1186 3764 verborumque
1217 3698 1323 3746 emen·

211 3790 386 3855 dandorum
410 3808 543 3855 munere
563 3791 713 3874 primaria
731 3789 1011 3876 Peerlkampianae
1029 3795 1238 3876 praestantiae
1249 3815 1322 3879 pars

211 3906 359 3970 cernitu.
382 3904 455 3989 Ipse
477 3905 561 3970 enim
586 3905 713 3988 saepius
735 3905 873 3970 declarat
895 3906 996 3970 multo
1018 3909 1120 3992 magis
1143 3926 1177 3974 se
1195 3928 1322 3994 operam
1408 3945 1411 3949 ν

211 4019 336 4084 dedisse
359 4019 632 4103 deprehendendis
654 4018 811 4102 versibus,
830 4019 978 4104 strophis,
990 4021 1185 4087 carminibus
1197 4025 1325 4107 spuriis.

213 4131 284 4210 Qua
316 4133 352 4196 in
384 4136 473 4217 parte
508 4136 628 4216 quauta
661 4132 703 4196 sit
733 4136 879 4197 versatus
900 4131 1010 4197 iudicii
1033 4133 1189 4219 elegantia
1210 4138 1322 4219 paucis

213 4246 369 4330 exemplis
391 4245 501 4311 lectori
523 4246 559 4308 in
581 4249 719 4311 mentem
742 4244 907 4311 revocabo.
