2954 5130
717 497 759 558 bb

178 681 335 746 convertit
368 684 416 745 et:
456 679 554 766 „ego”
589 681 634 745 ait
670 699 730 762 ,ne
764 685 820 746 tua
850 682 954 747 virtus
984 681 1079 747 lateat
1101 683 1133 746 in
1159 682 1296 748 obscuro

180 792 328 859 cavebo.''
361 792 459 859 Recte
492 794 654 859 hactenus
684 792 839 879 Sequitur
869 793 963 859 Lollii
985 796 1143 861 virtutum
1166 815 1297 863 enume-

179 909 261 973 ratio
282 907 489 993 frigidissima
510 909 784 994 ineptissimaque,
806 928 903 993 quam
927 911 985 994 qui
1007 930 1073 975 uno
1095 910 1166 975 loco
1189 930 1296 978 emen-

179 1021 253 1086 dare
275 1024 381 1088 conati
403 1027 480 1088 sunt
502 1023 563 1086 viri
586 1022 670 1087 docti
694 1023 772 1086 mibi
794 1042 921 1107 operam
940 1023 1115 1109 perdidisse
1134 1024 1295 1091 videntur.

178 1135 336 1202 Primaria
368 1140 475 1201 autem
505 1133 599 1199 Lollii
627 1136 731 1200 virtus
753 1140 803 1200 est
824 1133 1024 1219 abstinentia,
1047 1136 1296 1222 divitiarumque

179 1254 389 1335 contemptus.
421 1247 515 1314 Illam
546 1267 622 1334 ergo
652 1248 823 1314 lectoribus
853 1249 1054 1314 commendat
1084 1256 1177 1335 poeta
1197 1255 1230 1316 et
1251 1252 1296 1316 ita

178 1366 274 1449 longo
309 1364 443 1428 carmini
475 1363 611 1448 imponit
639 1362 745 1429 finem.
776 1363 937 1429 Poemane
967 1363 1071 1430 facere
1100 1365 1161 1429 hoc
1183 1369 1231 1430 est
1254 1384 1295 1430 an

178 1496 302 1564 pannos
324 1478 440 1562 pannis
464 1475 617 1542 assuere?

222 1703 295 1771 Duo
329 1707 394 1770 iam
426 1703 565 1789 exempli
595 1722 693 1769 causa
724 1703 891 1769 attulimus
914 1705 1056 1769 carmina
1078 1723 1120 1770 ex
1143 1723 1180 1770 eo
1203 1703 1297 1790 libro,

180 1838 276 1906 quem
307 1818 347 1885 ab
376 1818 525 1904 Augusto
548 1823 678 1903 rogatus
700 1815 804 1882 tribus
827 1823 921 1884 autea
944 1818 1070 1902 scriptis
1092 1822 1185 1903 poeta
1209 1819 1297 1884 addi-

179 1934 234 2018 dit,
258 1952 353 2018 quem
385 1951 460 2018 ergo
483 1951 520 1998 eo
544 1936 686 2017 tempore
707 1934 886 2016 composuit
909 1952 1008 2016 quum
1033 1934 1147 1998 ceteris
1170 1932 1296 2018 sibique

178 2050 242 2134 ipsi
271 2047 359 2120 critic
378 2045 483 2111 ἑαυτοῦ
504 2043 666 2118 δεινότατος
688 2064 759 2111 esse
782 2045 957 2110 videbatur.
980 2044 1209 2112 Praemisimus
1232 2047 1296 2112 dis·

178 2162 375 2247 putationem
399 2160 438 2226 de
460 2161 600 2224 carmine
624 2159 762 2245 quodam
787 2179 805 2224 e
827 2160 930 2243 primo
949 2158 1041 2242 libro,
1061 2159 1148 2243 quod
1169 2160 1197 2224 si
1210 2163 1295 2225 certo

179 2277 334 2341 sciremus
359 2311 400 2322 -
424 2273 457 2338 id
479 2273 566 2358 quod
588 2274 650 2338 viri
669 2273 754 2339 docti
775 2273 923 2338 nonnulli
943 2276 1142 2338 statuunt-
1155 2275 1295 2358 primum

179 2393 236 2455 aut
256 2389 341 2453 inter
363 2389 467 2473 prima
490 2406 532 2453 ex
554 2388 615 2452 hoc
637 2406 753 2472 genere
776 2408 794 2452 a
817 2393 911 2473 polita
932 2389 965 2451 in
990 2386 1095 2452 lucem
1119 2389 1296 2452 esseemis·

179 2523 262 2588 sum,
287 2506 352 2568 tota
373 2501 500 2567 Horatii
524 2522 575 2568 ars
599 2502 700 2584 lyrica
724 2502 830 2586 qualis
851 2501 890 2565 ab
910 2502 1002 2566 initio
1022 2501 1062 2565 ad
1082 2499 1178 2565 finem
1198 2500 1295 2566 tuerit

180 2619 343 2684 sciremus.
376 2616 542 2702 Exemplis
573 2617 659 2682 enim
691 2615 921 2699 docuissemus„
944 2635 1009 2700 quo
1032 2615 1115 2680 malo
1139 2614 1297 2681 laboraret

180 2730 342 2814 Horatius,
378 2750 478 2816 quum
509 2731 651 2816 primum
681 2731 792 2814 poesin
821 2730 954 2811 lyricam
979 2733 1109 2814 tangere
1132 2729 1296 2813 coepisset,

179 2844 234 2909 illo
257 2863 299 2910 ne
317 2850 390 2931 post
407 2845 536 2929 longam
548 2843 676 2929 quidem
689 2846 876 2928 variamque
888 2845 1145 2909 exercitationem
1158 2841 1295 2909 liberum

180 2977 254 3024 eum
287 2957 404 3023 tuisse:
439 2976 564 3043 semper
597 2962 697 3022 metro
728 2976 802 3022 eum
834 2959 994 3041 serviisse,
1025 2976 1192 3042 nunquam
1217 2958 1294 3023 adeo

180 3091 291 3137 omnes
313 3074 384 3138 eins
407 3090 574 3156 superasse
597 3070 801 3136 difficultates
820 3075 858 3135 ut
877 3071 963 3154 quod
982 3071 1078 3136 vellet
1097 3071 1201 3137 dicere
1214 3077 1296 3157 apte,

180 3185 349 3270 eleganter,
371 3185 538 3269 perspicue
565 3184 670 3249 dicere
692 3189 807 3269 posset
832 3182 895 3249 Sed
917 3183 957 3249 da
981 3188 1121 3270 tempore
1144 3186 1295 3250 carminis

180 3298 206 3383 I,
231 3300 272 3362 lb
296 3298 376 3363 nihil
400 3303 539 3363 constat:
565 3297 652 3362 aliud
676 3316 750 3382 ergo
774 3297 975 3362 tractandum
998 3298 1078 3361 mihi
1100 3318 1236 3382 sumam,
1256 3299 1294 3364 de
1381 3279 1383 3283 ’

180 3415 274 3479 cuius
304 3416 406 3478 aetate
435 3411 525 3476 nulla
547 3431 617 3477 esse
640 3413 741 3497 possit
764 3410 936 3492 dubitatio;
961 3411 1047 3495 quod
1070 3411 1127 3476 ubi
1149 3413 1293 3479 eiusdem

179 3527 250 3592 vitii
269 3545 340 3592 esse
357 3524 541 3610 exemplum
554 3525 766 3590 certissimum
780 3524 935 3609 valdeque
946 3526 1151 3610 perspicuum
1165 3526 1294 3591 demon-

180 3646 329 3724 stravero,
361 3646 530 3726 postremo,
557 3643 594 3704 ut
615 3645 779 3724 tamquam
804 3637 971 3707 cumulum
995 3639 1071 3704 huic
1093 3638 1207 3703 addam
1231 3640 1295 3706 dis·

179 3757 347 3842 putationi,
381 3755 510 3820 tertium
543 3751 617 3817 libri
652 3754 758 3838 quarti
792 3751 900 3819 eodem
935 3771 1118 3836 percurram
1152 3754 1293 3819 consilio.

181 3867 304 3947 Quodsi
326 3869 379 3932 cui
409 3869 505 3932 nimis
528 3871 635 3952 aperte
657 3868 819 3951 nimisque
842 3865 1038 3931 confidenter
1059 3865 1186 3932 locutus
1207 3868 1295 3934 vide·

180 3983 247 4067 bor,
272 3981 369 4046 nolim
395 3999 445 4046 me
464 3983 498 4044 in
519 3982 716 4065 arrogantiae
734 3984 828 4045 vocet
847 3981 1079 4064 suspicionem,
1092 3981 1195 4047 scribo
1208 3984 1293 4047 enirn

180 4096 303 4162 timoris
335 4096 460 4180 plenus,
494 4113 599 4179 neque
634 4114 777 4178 unquam
813 4097 886 4178 quis
921 4095 982 4159 sim
1017 4094 1204 4177 obliviscor3
1239 4097 1295 4162 sed

181 4210 328 4276 brevitati
363 4216 395 4274 et
429 4209 646 4294 perspicuitati
680 4215 729 4274 ast
758 4207 1001 4292 consulendum,
1028 4229 1103 4294 ergo
1132 4211 1293 4276 interdum
