2954 5130
700 489 764 551 124

176 677 260 759 (nam
291 680 323 741 91
351 676 399 739 1111
429 657 580 759 aderant),
611 676 792 740 ministrum
815 674 953 760 fugasse,
976 676 1038 760 ipsi
1060 680 1171 760 potitae
1196 677 1295 742 duras

177 791 368 875 imposuisse
398 790 602 854 conditiones.
628 787 759 873 Legitur
780 790 835 854 illa
858 790 996 854 narratio
1019 788 1060 872 V,
1082 790 1102 853 8
1127 794 1159 855 et
1182 791 1295 874 incipit

178 926 197 970 a
221 925 266 970 vs.
290 905 342 987 27,
373 924 446 969 nam
480 922 562 988 quae
593 904 787 989 praecedunt
810 923 882 967 cum
906 903 962 967 illa
984 923 1048 967 non
1071 904 1242 969 cohaerent
1265 909 1296 969 91

177 1019 272 1104 paulo
297 1023 374 1083 sunt
397 1016 590 1091 obscuriora.

222 1131 336 1216 Neque
363 1132 467 1196 solum
492 1150 616 1216 semper
639 1135 670 1196 et
693 1130 815 1214 ubique
837 1135 961 1215 potitam
985 1131 1168 1215 speculatur
1190 1138 1296 1197 custo·

179 1245 290 1329 ditque
325 1244 470 1328 Cynthia,
503 1245 566 1323 scd,
597 1244 683 1328 quod
715 1245 815 1309 multo
838 1246 968 1329 gravius
991 1244 1045 1309 ille
1068 1245 1162 1327 dolet,
1185 1264 1296 1310 aurem

179 1357 308 1444 praebet
341 1360 520 1440 calumniis,
553 1360 688 1442 eiusque
720 1358 899 1443 calumniis,
931 1360 987 1443 qui
1009 1360 1043 1422 iu
1059 1363 1178 1447 poetae
1200 1361 1298 1444 spreti

179 1474 330 1558 pulsique
364 1473 469 1537 locum
502 1474 571 1558 ipse
602 1473 773 1537 succedere
804 1473 937 1537 studeat.
969 1472 1052 1538 Talis
1074 1473 1128 1538 1119
1151 1473 1297 1540 Panthus

179 1587 249 1670 fuit,
273 1589 328 1672 qui
351 1587 452 1651 literis
475 1587 515 1651 ad
539 1606 607 1651 eam
632 1587 713 1651 datis
737 1588 921 1671 turpissima
942 1606 1088 1672 quaeque
1108 1589 1142 1651 in
1164 1587 1297 1673 Proper·

180 1702 262 1765 tium
284 1700 387 1766 finxit.
411 1701 506 1765 Illum
532 1720 607 1785 ergo
630 1700 768 1765 refutare
791 1706 822 1765 91
845 1702 1034 1790 convincere
1053 1707 1187 1766 conatur
1205 1707 1298 1787 potita

180 1814 375 1900 lepidissima
397 1816 497 1900 elegia
519 1813 580 1897 III,
604 1815 654 1878 14.
683 1813 774 1897 ,Non
800 1833 906 1879 amore
929 1817 978 1880 tui
1002 1815 1135 1899 captus”
1158 1818 1204 1881 ait
1226 1817 1298 1899 ,illc

182 1928 221 1993 de
243 1949 294 1994 me
318 1931 479 2006 mentitur,
502 1948 567 1992 non
591 1933 622 1993 te
646 1931 741 2013 cupit,
764 1930 819 1994 sed
843 1931 970 1994 inanem
992 1929 1031 1995 de
1049 1937 1081 1995 te
1099 1931 1251 2016 gloriam:
1264 1952 1298 1998 se

181 2047 254 2106 ate
274 2043 410 2127 petitum
432 2043 495 2107 iam
519 2061 607 2106 nunc
631 2043 743 2124 iactat,
770 2043 856 2126 quod
879 2044 907 2107 si
931 2043 1029 2108 semel
1054 2048 1085 2109 te
1103 2044 1149 2107 illi
1163 2045 1297 2130 dederis,

182 2157 288 2220 statim
323 2161 354 2220 19
390 2156 528 2221 deseret:
559 2154 654 2221 fictus
677 2158 763 2221 enim
785 2157 840 2221 ille
863 2162 984 2221 amator
1007 2156 1163 2222 uxorem'’
1187 2161 1297 2239 (ama-

183 2272 288 2334 sium
320 2271 349 2334 si
378 2270 440 2334 ista
470 2271 619 2334 uxoris
649 2289 727 2335 voce
758 2269 931 2354 significari
960 2289 1086 2335 mecum
1118 2272 1298 2356 credideris,

182 2404 267 2449 nova
301 2385 468 2450 accesserit
506 2384 624 2470 elegiae
658 2390 689 2449 91
724 2404 788 2448 non
822 2386 930 2471 inepta
964 2385 1128 2469 acerbitas)
1168 2386 1296 2470 ,habet;

184 2496 313 2563 Medeae
342 2503 374 2563 te
406 2504 512 2563 manet
543 2517 621 2581 sore,
643 2517 719 2583 prae
744 2496 863 2564 Creusa
885 2501 948 2563 ista
970 2504 1006 2564 tu
1029 2503 1244 2566 contemneris
1269 2507 1299 2567 et

184 2611 268 2677 foras
291 2612 391 2677 eiecta
412 2611 567 2696 plorabis,
596 2613 646 2676 sin
669 2630 794 2677 mecum
818 2613 852 2675 in
875 2614 1008 2698 gratiam
1031 2612 1159 2697 redibis,

315 2774 383 2841 Nos
406 2793 599 2859 quocunque
621 2774 699 2858 loco,
723 2793 782 2838 nos
805 2775 1056 2859 omnitempore
1080 2779 1188 2839 tecum

361 2887 435 2953 Sive
458 2906 552 2972 aegra
573 2889 700 2972 pariter,
722 2888 789 2952 sive
813 2887 938 2952 valente
957 2885 1100 2951 sumus.''

185 3063 240 3128 Nil
262 3062 323 3129 sibi
345 3065 380 3129 in
399 3065 551 3129 miserum
571 3069 742 3129 amatorem
762 3082 827 3127 non
847 3051 942 3128 licere
953 3062 1086 3128 credens
1097 3064 1300 3148 impudenter

186 3198 260 3245 eum
284 3179 400 3264 decipit
421 3184 452 3243 91
473 3179 663 3259 frustratur,
687 3197 728 3242 ne
747 3178 923 3262 periurium
945 3177 1074 3261 quidem
1092 3179 1193 3260 timet,
1211 3179 1301 3244 novit

187 3293 272 3357 enim
294 3293 499 3377 promittenti,
522 3291 701 3374 affirmanti,
720 3292 841 3355 iuranti
861 3288 924 3355 sibi
941 3290 1032 3354 illum
1046 3291 1195 3374 quamvis
1208 3310 1301 3376 saepe

187 3407 326 3473 derisum
350 3426 416 3470 non
439 3405 566 3471 credere
588 3424 653 3469 non
676 3423 777 3489 posse.
801 3403 875 3488 Ipse
896 3404 957 3468 hcc
980 3409 1114 3469 testatur
1132 3404 1183 3469 bis
1203 3406 1301 3471 versi·

187 3519 269 3585 culis
293 3518 320 3606 I,
346 3521 396 3603 lb,
421 3520 462 3584 33
490 3538 576 3603 sqq.:

319 3683 400 3749 Nam
425 3683 503 3747 mihi
527 3701 568 3747 ne
589 3683 669 3747 viles
692 3683 746 3746 isti
769 3682 938 3746 videantur
961 3681 1061 3765 ocelli,

364 3797 427 3863 Per
450 3817 531 3882 quos
554 3815 647 3881 saepe
669 3796 746 3860 mibi
770 3795 889 3860 credita
911 3795 1090 3880 perfidisst!

319 3910 389 3976 Ηο9
411 3915 448 3975 19
470 3909 608 3993 iurabas,
631 3909 738 3995 siquid
762 3909 893 3974 mentita
911 3909 1038 3993 fuisses,

365 4023 408 4088 Ut
428 4023 488 4089 tibi
511 4024 683 4109 suppositis
705 4023 888 4089 exciderent
911 4023 1067 4088 manibus.

233 4199 325 4278 Quod
359 4204 466 4264 autem
497 4217 607 4264 omnes
637 4199 755 4264 habent
786 4199 1000 4284 mulierculae,
1030 4218 1071 4265 ne
1093 4199 1148 4264 illo
1172 4200 1300 4285 quidem
