2954 5130
759 507 779 570 3

251 691 438 777 Importuna
461 698 510 758 est
532 692 657 758 heredis
680 694 809 758 mentio.
830 690 995 778 Quidquid
1015 694 1099 759 enim
1120 693 1249 776 amittis,
1267 692 1326 758 eti·

210 809 291 871 amsi
324 808 507 872 tristissimo
541 806 621 871 illud
651 812 758 891 pereat
790 806 894 889 modo,
925 807 1050 872 heredis
1077 826 1193 872 manus
1215 807 1326 872 aridas

209 919 325 1004 effugit
357 919 392 984 si
421 920 551 985 futurus
574 919 699 985 heredis
723 919 814 984 dolor
838 938 963 1004 semper
986 925 1034 984 est
1058 939 1157 985 causa
1177 919 1324 1002 laetitiae,

209 1032 349 1118 gaudeas
378 1038 501 1117 oportet
532 1035 560 1097 si
589 1032 665 1098 ludo
692 1052 840 1117 magnam
865 1033 1033 1117 pecuniam
1056 1034 1200 1098 amiseris
1223 1033 1326 1098 aliare

209 1148 352 1231 nequitia
386 1146 582 1231 profuderis3
615 1147 733 1231 gratias
768 1146 886 1212 habeas
919 1145 1097 1211 latronibus
1129 1147 1189 1231 qui*
1216 1146 1326 1210 villam

208 1266 296 1325 tuam
321 1261 571 1344 compilaverint‚
594 1260 804 1343 incenderint,
827 1260 895 1325 solo
915 1262 1099 1344 aequarint3
1112 1261 1197 1325 inter
1207 1263 1326 1326 amicos

210 1379 282 1440 tuos
305 1393 454 1439 numeres
478 1380 650 1456 tyranrmm
674 1375 726 1440 vel
749 1375 961 1461 demagogum
985 1375 1041 1458 qui
1062 1378 1094 1439 te
1118 1375 1266 1439 maiorem
1279 1376 1326 1440 rei

208 1487 372 1552 familiaris
395 1493 469 1552 tuae
491 1493 613 1572 partem
636 1488 801 1574 vectigalis
821 1489 1167 1559 nomineinaerarium
1181 1488 1324 1554 conferre

210 1603 354 1686 coegerit.
377 1599 544 1667 Praeclara
566 1620 641 1666 vero
665 1607 713 1667 est
730 1603 901 1685 sententia,
927 1621 1024 1689 quam
1044 1606 1216 1687 praeeunte
1228 1601 1325 1666 Wad-

211 1715 292 1780 delio
327 1718 359 1780 et
393 1715 566 1779 adiuvante
599 1715 803 1798 aliquatenus
843 1714 999 1785 librorum
1033 1716 1324 1801 manuscriptorum

212 1829 398 1893 auctoritato
421 1827 573 1892 hocloco
597 1829 705 1912 posuit
727 1826 984 1912 Peerlkampius:

341 1989 462 2056 Cuncta
484 2010 599 2055 manus
623 1990 734 2057 avidas
756 1990 887 2076 fugiunt
895 2014 907 2077 3⁷
928 1990 1069 2059 haerebit
1091 1991 1192 2056 amico

561 2102 653 2181 Quod
677 2104 801 2171 dederis
824 2106 940 2173 ammo.

209 2269 228 2331 i.
252 2286 277 2331 e.
309 2287 425 2332 avarus
450 2266 662 2351 sordidosque
686 2284 810 2351 semper
832 2272 919 2352 eget3
944 2267 978 2332 id
1001 2267 1129 2332 demum
1154 2272 1246 2331 tuum
1270 2287 1325 2352 ap·

210 2383 327 2466 pellare
349 2388 438 2466 potes
463 2382 548 2465 quod
571 2383 665 2466 genio
689 2387 745 2446 tuo
768 2381 958 2462 indulserim
979 2382 1059 2445 siin
1072 2383 1195 2465 magnis
1208 2381 1323 2465 opibus

209 2503 301 2561 tuum
337 2494 486 2561 detrudas
519 2496 659 2580 genium,
694 2502 749 2560 tua
778 2495 892 2579 perdis,
915 2495 1018 2561 aliena
1040 2514 1157 2560 servas.
1181 2493 1253 2559 Hoc
1275 2499 1324 2560 est

208 2609 295 2693 quod
328 2608 413 2692 alibi,
447 2614 531 2674 recte
561 2608 701 2675 adhibita
724 2609 848 2674 heredis
872 2610 1042 2691 mentione,
1067 2608 1143 2675 dicit
1165 2606 1321 2684 Horatius

208 2723 261 2806 (Π,
286 2724 335 2805 14,
359 2724 401 2786 25
425 2725 501 2807 squ:

472 2871 631 2937 Absumet
652 2871 745 2937 heres
770 2870 916 2937 Caecuba
938 2871 1063 2956 dignior

475 2985 607 3051 Servata
629 2991 757 3051 centum
783 2983 936 3050 claribus.

209 3150 277 3233 Ld,
289 3152 383 3213 1-4.
428 3147 581 3214 Scriberis
604 3147 702 3212 Vario
725 3147 817 3212 fortis
842 3152 874 3212 et
896 3148 1035 3212 hostium

428 3263 547 3346 Victor,
568 3261 706 3327 Maeonii
730 3263 881 3327 carminis
904 3262 980 3345 aliti,

430 3375 530 3454 Quam
550 3395 616 3442 rem
638 3394 777 3460 cumque
795 3375 886 3440 ferox
905 3375 1044 3441 naribus
1064 3380 1121 3440 aut
1139 3377 1231 3458 equis

515 3489 608 3555 Miles
631 3495 662 3554 te
686 3489 767 3554 duce
789 3491 931 3574 gesserit

252 3652 356 3718 Nimis
377 3673 491 3738 magna
510 3653 550 3718 de
568 3652 729 3737 Agrippae
748 3651 900 3717 laudibus
919 3671 992 3736 pars
1013 3652 1151 3734 decedet,
1163 3671 1179 3716 s
1191 3652 1324 3734 iprae·

210 3770 356 3833 sertim
382 3787 463 3851 quae
486 3768 649 3832 milites
671 3768 830 3851 gesserint
850 3765 977 3830 aVario
995 3765 1182 3831 scribentur.
1194 3763 1257 3828 Sed
1268 3784 1324 3829 au·

208 3880 369 3967 gebuntm
391 3880 465 3944 illae
490 3882 517 3945 si
540 3883 574 3944 in
601 3881 870 3945 eocarminenon
883 3878 987 3944 solum
997 3884 1161 3962 tamquam
1173 3879 1320 3963 egregius

207 3996 286 4076 dux,
308 3994 364 4059 sed
387 3995 480 4058 etiam
503 3998 667 4077 tamquam
681 3998 833 4058 strenuus
846 3991 937 4057 miles
949 3990 1160 4057 celebrabitur
1171 3991 1322 4074 Agrippa.

208 4107 343 4192 Egregie
365 4107 424 4170 hoc
447 4108 547 4171 sensit
568 4106 818 4189 Peerlkampius‚
837 4106 890 4168 cui
909 4104 1153 4188 pulcherrimam
1165 4102 1319 4168 debemus

209 4221 376 4285 lectionem
405 4221 594 4304 gesseris
623 4239 681 4306 pro
709 4219 903 4304 gesserit.
933 4216 1046 4301 Neque
1070 4216 1248 4304 quidquam
1273 4221 1322 4282 est
