<?xml version="1.0" encoding="UTF-8"?>
<!DOCTYPE html PUBLIC "-//W3C//DTD XHTML 1.0 Transitional//EN"
    "http://www.w3.org/TR/xhtml1/DTD/xhtml1-transitional.dtd">
<html xmlns="http://www.w3.org/1999/xhtml" xml:lang="en" lang="en">
 <head>
  <title>
</title>
<meta http-equiv="Content-Type" content="text/html;charset=utf-8" />
  <meta name='ocr-system' content='tesseract 3.04.00' />
  <meta name='ocr-capabilities' content='ocr_page ocr_carea ocr_par ocr_line ocrx_word'/>
</head>
<body>
  <div class='ocr_page' id='page_1' title='image "./dehoratiopota00hartgoog_0166.png"; bbox 0 0 2954 5130; ppageno 0'>
   <div class='ocr_carea' id='block_1_1' title="bbox 714 521 779 587">
    <p class='ocr_par' dir='ltr' id='par_1_1' title="bbox 714 521 779 587">
     <span class='ocr_line' id='line_1_1' title="bbox 714 521 779 587; baseline 0.015 -1"><span class='ocrx_word' id='word_1_1' title='bbox 714 521 779 587; x_wconf 74' lang='lat'><strong>155</strong></span> 
     </span>
    </p>
   </div>
   <div class='ocr_carea' id='block_1_2' title="bbox 179 709 1303 1913">
    <p class='ocr_par' dir='ltr' id='par_1_2' title="bbox 179 709 1303 1116">
     <span class='ocr_line' id='line_1_2' title="bbox 179 709 1300 796; baseline 0.001 -23"><span class='ocrx_word' id='word_1_2' title='bbox 179 712 292 789; x_wconf 88' lang='lat' dir='ltr'><strong>nocet;</strong></span> <span class='ocrx_word' id='word_1_3' title='bbox 316 709 444 774; x_wconf 81' lang='lat' dir='ltr'><strong>sivero</strong></span> <span class='ocrx_word' id='word_1_4' title='bbox 467 709 625 775; x_wconf 85' lang='lat' dir='ltr'><strong>eiusmodi</strong></span> <span class='ocrx_word' id='word_1_5' title='bbox 646 727 681 775; x_wconf 88' lang='lat' dir='ltr'><strong>es</strong></span> <span class='ocrx_word' id='word_1_6' title='bbox 704 711 798 775; x_wconf 87' lang='lat' dir='ltr'><strong>utin</strong></span> <span class='ocrx_word' id='word_1_7' title='bbox 821 728 929 776; x_wconf 90' lang='lat' dir='ltr'><strong>amore</strong></span> <span class='ocrx_word' id='word_1_8' title='bbox 952 728 1082 796; x_wconf 90' lang='lat' dir='ltr'><strong>quoque</strong></span> <span class='ocrx_word' id='word_1_9' title='bbox 1106 711 1300 775; x_wconf 90' lang='lat' dir='ltr'><strong>anteomnia</strong></span> 
     </span>
     <span class='ocr_line' id='line_1_3' title="bbox 181 821 1301 908; baseline 0.001 -21"><span class='ocrx_word' id='word_1_10' title='bbox 181 821 344 887; x_wconf 89' lang='lat' dir='ltr'><strong>modum</strong></span> <span class='ocrx_word' id='word_1_11' title='bbox 376 827 522 888; x_wconf 87' lang='lat' dir='ltr'><strong>tenere</strong></span> <span class='ocrx_word' id='word_1_12' title='bbox 555 823 685 889; x_wconf 76' lang='lat' dir='ltr'><strong>studeas</strong></span> <span class='ocrx_word' id='word_1_13' title='bbox 719 825 795 905; x_wconf 87' lang='lat' dir='ltr'><strong>(huc</strong></span> <span class='ocrx_word' id='word_1_14' title='bbox 828 824 914 888; x_wconf 90' lang='lat' dir='ltr'><strong>enim</strong></span> <span class='ocrx_word' id='word_1_15' title='bbox 950 829 1072 908; x_wconf 84' lang='lat' dir='ltr'><strong>spectat</strong></span> <span class='ocrx_word' id='word_1_16' title='bbox 1101 823 1189 889; x_wconf 89' lang='lat' dir='ltr'><strong>istud</strong></span> <span class='ocrx_word' id='word_1_17' title='bbox 1218 843 1301 888; x_wconf 93' lang='lat' dir='ltr'><strong>non</strong></span> 
     </span>
     <span class='ocr_line' id='line_1_4' title="bbox 180 937 1303 1021; baseline 0.002 -19"><span class='ocrx_word' id='word_1_18' title='bbox 180 942 351 1021; x_wconf 88' lang='lat' dir='ltr'><strong>praeter</strong></span> <span class='ocrx_word' id='word_1_19' title='bbox 385 937 558 1003; x_wconf 90' lang='lat' dir='ltr'><strong>solitum</strong></span> <span class='ocrx_word' id='word_1_20' title='bbox 593 937 721 1021; x_wconf 81' lang='lat' dir='ltr'><strong>leves)</strong></span> <span class='ocrx_word' id='word_1_21' title='bbox 756 938 796 1003; x_wconf 94' lang='lat' dir='ltr'><strong>de</strong></span> <span class='ocrx_word' id='word_1_22' title='bbox 829 940 894 1003; x_wconf 89' lang='lat' dir='ltr'><strong>tuis</strong></span> <span class='ocrx_word' id='word_1_23' title='bbox 929 937 1092 1004; x_wconf 88' lang='lat' dir='ltr'><strong>amoribus</strong></span> <span class='ocrx_word' id='word_1_24' title='bbox 1123 943 1227 1004; x_wconf 86' lang='lat' dir='ltr'><strong>tacere</strong></span> <span class='ocrx_word' id='word_1_25' title='bbox 1251 959 1303 1003; x_wconf 88' lang='lat' dir='ltr'><strong>sa·</strong></span> 
     </span>
     <span class='ocr_line' id='line_1_5' title="bbox 182 1051 329 1116; baseline -0.007 0"><span class='ocrx_word' id='word_1_26' title='bbox 182 1051 247 1116; x_wconf 87' lang='lat' dir='ltr'><strong>tius</strong></span> <span class='ocrx_word' id='word_1_27' title='bbox 271 1055 329 1116; x_wconf 91' lang='lat' dir='ltr'><strong>est.</strong></span> 
     </span>
    </p>

    <p class='ocr_par' dir='ltr' id='par_1_3' title="bbox 179 1163 1301 1913">
     <span class='ocr_line' id='line_1_6' title="bbox 225 1163 1300 1249; baseline 0.001 -22"><span class='ocrx_word' id='word_1_28' title='bbox 225 1163 268 1247; x_wconf 78' lang='grc' dir='ltr'><strong>ΙΙ,</strong></span> <span class='ocrx_word' id='word_1_29' title='bbox 291 1165 320 1228; x_wconf 88' lang='grc'><strong>4.</strong></span> <span class='ocrx_word' id='word_1_30' title='bbox 354 1163 629 1229; x_wconf 84' lang='lat' dir='ltr'><strong>Venustissimum</strong></span> <span class='ocrx_word' id='word_1_31' title='bbox 664 1163 724 1228; x_wconf 92' lang='lat' dir='ltr'><strong>hcc</strong></span> <span class='ocrx_word' id='word_1_32' title='bbox 758 1183 886 1229; x_wconf 86' lang='lat' dir='ltr'><strong>carmen</strong></span> <span class='ocrx_word' id='word_1_33' title='bbox 917 1169 966 1230; x_wconf 92' lang='lat' dir='ltr'><strong>est</strong></span> <span class='ocrx_word' id='word_1_34' title='bbox 996 1183 1060 1249; x_wconf 92' lang='lat' dir='ltr'><strong>quo</strong></span> <span class='ocrx_word' id='word_1_35' title='bbox 1083 1165 1223 1230; x_wconf 89' lang='lat' dir='ltr'><strong>amicum</strong></span> <span class='ocrx_word' id='word_1_36' title='bbox 1246 1164 1300 1229; x_wconf 86' lang='lat' dir='ltr'><strong>ad·</strong></span> 
     </span>
     <span class='ocr_line' id='line_1_7' title="bbox 182 1277 1301 1364; baseline -0.001 -21"><span class='ocrx_word' id='word_1_37' title='bbox 182 1283 289 1343; x_wconf 91' lang='lat' dir='ltr'><strong>mouet</strong></span> <span class='ocrx_word' id='word_1_38' title='bbox 323 1297 365 1343; x_wconf 91' lang='lat' dir='ltr'><strong>ne</strong></span> <span class='ocrx_word' id='word_1_39' title='bbox 395 1277 456 1343; x_wconf 84' lang='lat' dir='ltr'><strong>sibi</strong></span> <span class='ocrx_word' id='word_1_40' title='bbox 486 1277 619 1344; x_wconf 89' lang='lat' dir='ltr'><strong>ancillae</strong></span> <span class='ocrx_word' id='word_1_41' title='bbox 649 1296 788 1343; x_wconf 89' lang='lat' dir='ltr'><strong>amorem</strong></span> <span class='ocrx_word' id='word_1_42' title='bbox 811 1278 928 1364; x_wconf 89' lang='lat' dir='ltr'><strong>pudori</strong></span> <span class='ocrx_word' id='word_1_43' title='bbox 949 1277 1079 1345; x_wconf 86' lang='lat' dir='ltr'><strong>habeat:</strong></span> <span class='ocrx_word' id='word_1_44' title='bbox 1104 1279 1301 1344; x_wconf 89' lang='lat' dir='ltr'><strong>iocosissime</strong></span> 
     </span>
     <span class='ocr_line' id='line_1_8' title="bbox 179 1392 1300 1478; baseline 0.002 -23"><span class='ocrx_word' id='word_1_45' title='bbox 179 1392 269 1456; x_wconf 92' lang='lat' dir='ltr'><strong>illam</strong></span> <span class='ocrx_word' id='word_1_46' title='bbox 299 1411 374 1457; x_wconf 93' lang='lat' dir='ltr'><strong>cum</strong></span> <span class='ocrx_word' id='word_1_47' title='bbox 398 1392 514 1477; x_wconf 84' lang='lat' dir='ltr'><strong>puellis</strong></span> <span class='ocrx_word' id='word_1_48' title='bbox 537 1412 618 1477; x_wconf 85' lang='lat' dir='ltr'><strong>quas</strong></span> <span class='ocrx_word' id='word_1_49' title='bbox 640 1394 753 1459; x_wconf 89' lang='lat' dir='ltr'><strong>heroes</strong></span> <span class='ocrx_word' id='word_1_50' title='bbox 776 1398 925 1458; x_wconf 88' lang='lat' dir='ltr'><strong>amarunt</strong></span> <span class='ocrx_word' id='word_1_51' title='bbox 947 1397 1118 1478; x_wconf 71' lang='lat' dir='ltr'><strong>comparat,</strong></span> <span class='ocrx_word' id='word_1_52' title='bbox 1142 1392 1300 1477; x_wconf 86' lang='lat' dir='ltr'><strong>lepidissi-</strong></span> 
     </span>
     <span class='ocr_line' id='line_1_9' title="bbox 180 1504 1301 1591; baseline 0 -21"><span class='ocrx_word' id='word_1_53' title='bbox 180 1524 298 1591; x_wconf 91' lang='lat' dir='ltr'><strong>meque</strong></span> <span class='ocrx_word' id='word_1_54' title='bbox 328 1507 467 1570; x_wconf 89' lang='lat' dir='ltr'><strong>amicum</strong></span> <span class='ocrx_word' id='word_1_55' title='bbox 498 1504 643 1570; x_wconf 81' lang='lat' dir='ltr'><strong>flammas</strong></span> <span class='ocrx_word' id='word_1_56' title='bbox 666 1525 742 1571; x_wconf 85' lang='lat' dir='ltr'><strong>suas</strong></span> <span class='ocrx_word' id='word_1_57' title='bbox 766 1506 1021 1571; x_wconf 78' lang='lat' dir='ltr'><strong>dissimulantem</strong></span> <span class='ocrx_word' id='word_1_58' title='bbox 1043 1505 1183 1572; x_wconf 90' lang='lat' dir='ltr'><strong>ludibrio</strong></span> <span class='ocrx_word' id='word_1_59' title='bbox 1206 1504 1301 1570; x_wconf 89' lang='lat' dir='ltr'><strong>habet</strong></span> 
     </span>
     <span class='ocr_line' id='line_1_10' title="bbox 180 1618 1301 1705; baseline 0.001 -21"><span class='ocrx_word' id='word_1_60' title='bbox 180 1618 497 1704; x_wconf 86' lang='lat' dir='ltr'><strong>magnificentissima</strong></span> <span class='ocrx_word' id='word_1_61' title='bbox 527 1638 675 1705; x_wconf 89' lang='lat' dir='ltr'><strong>quaeque</strong></span> <span class='ocrx_word' id='word_1_62' title='bbox 703 1620 742 1685; x_wconf 93' lang='lat' dir='ltr'><strong>de</strong></span> <span class='ocrx_word' id='word_1_63' title='bbox 763 1619 926 1705; x_wconf 80' lang='lat' dir='ltr'><strong>puellulae</strong></span> <span class='ocrx_word' id='word_1_64' title='bbox 950 1620 1038 1685; x_wconf 90' lang='lat' dir='ltr'><strong>illius</strong></span> <span class='ocrx_word' id='word_1_65' title='bbox 1061 1620 1161 1684; x_wconf 90' lang='lat' dir='ltr'><strong>nobili</strong></span> <span class='ocrx_word' id='word_1_66' title='bbox 1184 1639 1301 1705; x_wconf 87' lang='lat' dir='ltr'><strong>genere</strong></span> 
     </span>
     <span class='ocr_line' id='line_1_11' title="bbox 180 1732 1301 1819; baseline 0.002 -22"><span class='ocrx_word' id='word_1_67' title='bbox 180 1733 382 1817; x_wconf 88' lang='lat' dir='ltr'><strong>suspicando.</strong></span> <span class='ocrx_word' id='word_1_68' title='bbox 416 1732 479 1798; x_wconf 88' lang='lat' dir='ltr'><strong>Sed</strong></span> <span class='ocrx_word' id='word_1_69' title='bbox 514 1751 598 1819; x_wconf 84' lang='lat' dir='ltr'><strong>quae</strong></span> <span class='ocrx_word' id='word_1_70' title='bbox 631 1732 672 1798; x_wconf 91' lang='lat' dir='ltr'><strong>de</strong></span> <span class='ocrx_word' id='word_1_71' title='bbox 705 1752 741 1799; x_wconf 87' lang='lat' dir='ltr'><strong>se</strong></span> <span class='ocrx_word' id='word_1_72' title='bbox 773 1735 843 1819; x_wconf 89' lang='lat' dir='ltr'><strong>ipse</strong></span> <span class='ocrx_word' id='word_1_73' title='bbox 872 1733 960 1799; x_wconf 80' lang='lat' dir='ltr'><strong>addit</strong></span> <span class='ocrx_word' id='word_1_74' title='bbox 988 1735 1133 1819; x_wconf 89' lang='lat' dir='ltr'><strong>ineptum</strong></span> <span class='ocrx_word' id='word_1_75' title='bbox 1158 1733 1301 1799; x_wconf 86' lang='lat' dir='ltr'><strong>efficiunt</strong></span> 
     </span>
     <span class='ocr_line' id='line_1_12' title="bbox 181 1847 473 1913; baseline 0.003 -2"><span class='ocrx_word' id='word_1_76' title='bbox 181 1848 335 1913; x_wconf 79' lang='lat' dir='ltr'><strong>carminis</strong></span> <span class='ocrx_word' id='word_1_77' title='bbox 357 1847 473 1912; x_wconf 88' lang='lat' dir='ltr'><strong>finem:</strong></span> 
     </span>
    </p>
   </div>
   <div class='ocr_carea' id='block_1_3' title="bbox 401 2009 1079 2418">
    <p class='ocr_par' dir='ltr' id='par_1_4' title="bbox 402 2009 1079 2095">
     <span class='ocr_line' id='line_1_13' title="bbox 402 2009 1079 2095; baseline -0.001 -19"><span class='ocrx_word' id='word_1_78' title='bbox 402 2009 559 2076; x_wconf 78' lang='lat' dir='ltr'><strong>Bracchia</strong></span> <span class='ocrx_word' id='word_1_79' title='bbox 580 2015 611 2076; x_wconf 90' lang='lat' dir='ltr'><strong>et</strong></span> <span class='ocrx_word' id='word_1_80' title='bbox 634 2010 759 2076; x_wconf 87' lang='lat' dir='ltr'><strong>vultum</strong></span> <span class='ocrx_word' id='word_1_81' title='bbox 784 2014 963 2095; x_wconf 86' lang='lat' dir='ltr'><strong>teretesque</strong></span> <span class='ocrx_word' id='word_1_82' title='bbox 986 2030 1079 2076; x_wconf 88' lang='lat' dir='ltr'><strong>suras</strong></span> 
     </span>
    </p>

    <p class='ocr_par' dir='ltr' id='par_1_5' title="bbox 401 2124 948 2210">
     <span class='ocr_line' id='line_1_14' title="bbox 401 2124 948 2210; baseline -0.004 -19"><span class='ocrx_word' id='word_1_83' title='bbox 401 2124 530 2210; x_wconf 83' lang='lat' dir='ltr'><strong>Integer</strong></span> <span class='ocrx_word' id='word_1_84' title='bbox 552 2124 666 2207; x_wconf 88' lang='lat' dir='ltr'><strong>laudo;</strong></span> <span class='ocrx_word' id='word_1_85' title='bbox 689 2124 765 2210; x_wconf 88' lang='lat' dir='ltr'><strong>fuge</strong></span> <span class='ocrx_word' id='word_1_86' title='bbox 789 2126 948 2210; x_wconf 91' lang='lat' dir='ltr'><strong>suspicari</strong></span> 
     </span>
    </p>

    <p class='ocr_par' dir='ltr' id='par_1_6' title="bbox 403 2237 979 2418">
     <span class='ocr_line' id='line_1_15' title="bbox 403 2237 979 2325; baseline 0.002 -21"><span class='ocrx_word' id='word_1_87' title='bbox 403 2237 504 2305; x_wconf 64' lang='lat' dir='ltr'><strong>(iuius</strong></span> <span class='ocrx_word' id='word_1_88' title='bbox 528 2243 676 2305; x_wconf 85' lang='lat' dir='ltr'><strong>octavum</strong></span> <span class='ocrx_word' id='word_1_89' title='bbox 699 2240 869 2325; x_wconf 85' lang='lat' dir='ltr'><strong>trepidavit</strong></span> <span class='ocrx_word' id='word_1_90' title='bbox 892 2243 979 2305; x_wconf 81' lang='lat' dir='ltr'><strong>aetas</strong></span> 
     </span>
     <span class='ocr_line' id='line_1_16' title="bbox 447 2351 772 2418; baseline 0 0"><span class='ocrx_word' id='word_1_91' title='bbox 447 2351 602 2418; x_wconf 81' lang='lat' dir='ltr'><strong>Olaudere</strong></span> <span class='ocrx_word' id='word_1_92' title='bbox 624 2354 772 2418; x_wconf 89' lang='lat' dir='ltr'><strong>lustrum.</strong></span> 
     </span>
    </p>
   </div>
   <div class='ocr_carea' id='block_1_4' title="bbox 177 2529 1301 3184">
    <p class='ocr_par' dir='ltr' id='par_1_7' title="bbox 177 2529 1301 2842">
     <span class='ocr_line' id='line_1_17' title="bbox 223 2529 1298 2616; baseline -0.001 -21"><span class='ocrx_word' id='word_1_93' title='bbox 223 2529 370 2595; x_wconf 92' lang='lat' dir='ltr'><strong>Primum</strong></span> <span class='ocrx_word' id='word_1_94' title='bbox 393 2531 444 2595; x_wconf 81' lang='lat' dir='ltr'><strong>vir</strong></span> <span class='ocrx_word' id='word_1_95' title='bbox 466 2530 740 2616; x_wconf 82' lang='lat' dir='ltr'><strong>quadragenarius</strong></span> <span class='ocrx_word' id='word_1_96' title='bbox 758 2549 825 2594; x_wconf 91' lang='lat' dir='ltr'><strong>uon</strong></span> <span class='ocrx_word' id='word_1_97' title='bbox 843 2534 900 2613; x_wconf 67' lang='lat' dir='ltr'><strong>cst,</strong></span> <span class='ocrx_word' id='word_1_98' title='bbox 920 2534 958 2594; x_wconf 93' lang='lat' dir='ltr'><strong>ut</strong></span> <span class='ocrx_word' id='word_1_99' title='bbox 977 2529 1098 2613; x_wconf 88' lang='lat' dir='ltr'><strong>opinor,</strong></span> <span class='ocrx_word' id='word_1_100' title='bbox 1119 2529 1298 2614; x_wconf 87' lang='lat' dir='ltr'><strong>decrepitus</strong></span> 
     </span>
     <span class='ocr_line' id='line_1_18' title="bbox 179 2641 1301 2729; baseline -0.002 -19"><span class='ocrx_word' id='word_1_101' title='bbox 179 2663 298 2725; x_wconf 86' lang='lat' dir='ltr'><strong>senex;</strong></span> <span class='ocrx_word' id='word_1_102' title='bbox 333 2645 389 2729; x_wconf 93' lang='lat' dir='ltr'><strong>qui</strong></span> <span class='ocrx_word' id='word_1_103' title='bbox 424 2663 494 2710; x_wconf 85' lang='lat' dir='ltr'><strong>eam</strong></span> <span class='ocrx_word' id='word_1_104' title='bbox 529 2643 637 2709; x_wconf 86' lang='lat' dir='ltr'><strong>laudat</strong></span> <span class='ocrx_word' id='word_1_105' title='bbox 671 2643 810 2729; x_wconf 89' lang='lat' dir='ltr'><strong>puellam</strong></span> <span class='ocrx_word' id='word_1_106' title='bbox 846 2645 939 2708; x_wconf 92' lang='lat' dir='ltr'><strong>cuius</strong></span> <span class='ocrx_word' id='word_1_107' title='bbox 974 2643 1077 2727; x_wconf 85' lang='lat' dir='ltr'><strong>vultu,</strong></span> <span class='ocrx_word' id='word_1_108' title='bbox 1100 2641 1210 2726; x_wconf 88' lang='lat' dir='ltr'><strong>forma,</strong></span> <span class='ocrx_word' id='word_1_109' title='bbox 1232 2644 1301 2708; x_wconf 89' lang='lat' dir='ltr'><strong>risu</strong></span> 
     </span>
     <span class='ocr_line' id='line_1_19' title="bbox 177 2756 1145 2842; baseline 0 -21"><span class='ocrx_word' id='word_1_110' title='bbox 177 2776 312 2841; x_wconf 90' lang='lat' dir='ltr'><strong>prorsus</strong></span> <span class='ocrx_word' id='word_1_111' title='bbox 335 2777 416 2822; x_wconf 92' lang='lat' dir='ltr'><strong>nou</strong></span> <span class='ocrx_word' id='word_1_112' title='bbox 439 2761 657 2842; x_wconf 83' lang='lat' dir='ltr'><strong>tangatur,</strong></span> <span class='ocrx_word' id='word_1_113' title='bbox 680 2775 746 2822; x_wconf 91' lang='lat' dir='ltr'><strong>uon</strong></span> <span class='ocrx_word' id='word_1_114' title='bbox 769 2756 879 2821; x_wconf 85' lang='lat' dir='ltr'><strong>laudat</strong></span> <span class='ocrx_word' id='word_1_115' title='bbox 901 2756 958 2821; x_wconf 87' lang='lat' dir='ltr'><strong>sed</strong></span> <span class='ocrx_word' id='word_1_116' title='bbox 981 2756 1145 2822; x_wconf 85' lang='lat' dir='ltr'><strong>declamat.</strong></span> 
     </span>
    </p>

    <p class='ocr_par' dir='ltr' id='par_1_8' title="bbox 177 2869 1301 3184">
     <span class='ocr_line' id='line_1_20' title="bbox 222 2869 1301 2956; baseline -0.003 -19"><span class='ocrx_word' id='word_1_117' title='bbox 222 2873 331 2937; x_wconf 83' lang='lat' dir='ltr'><strong>Aliam</strong></span> <span class='ocrx_word' id='word_1_118' title='bbox 372 2872 476 2956; x_wconf 91' lang='lat' dir='ltr'><strong>ipsius</strong></span> <span class='ocrx_word' id='word_1_119' title='bbox 516 2875 629 2955; x_wconf 73' lang='lat' dir='ltr'><strong>podtae</strong></span> <span class='ocrx_word' id='word_1_120' title='bbox 666 2870 832 2936; x_wconf 81' lang='lat' dir='ltr'><strong>rideamus</strong></span> <span class='ocrx_word' id='word_1_121' title='bbox 865 2870 1098 2936; x_wconf 81' lang='lat' dir='ltr'><strong>confessionem</strong></span> <span class='ocrx_word' id='word_1_122' title='bbox 1131 2869 1203 2954; x_wconf 89' lang='lat' dir='ltr'><strong>(III,</strong></span> <span class='ocrx_word' id='word_1_123' title='bbox 1239 2871 1301 2954; x_wconf 85' lang='lat'><strong>19).</strong></span> 
     </span>
     <span class='ocr_line' id='line_1_21' title="bbox 177 2983 1300 3070; baseline -0.003 -19"><span class='ocrx_word' id='word_1_124' title='bbox 177 2986 330 3051; x_wconf 82' lang='lat' dir='ltr'><strong>Amicum</strong></span> <span class='ocrx_word' id='word_1_125' title='bbox 353 2986 502 3050; x_wconf 82' lang='lat' dir='ltr'><strong>iuvenem</strong></span> <span class='ocrx_word' id='word_1_126' title='bbox 532 2987 589 3070; x_wconf 92' lang='lat' dir='ltr'><strong>qui</strong></span> <span class='ocrx_word' id='word_1_127' title='bbox 610 3002 687 3069; x_wconf 90' lang='lat' dir='ltr'><strong>prae</strong></span> <span class='ocrx_word' id='word_1_128' title='bbox 709 2983 869 3049; x_wconf 81' lang='lat' dir='ltr'><strong>historicis</strong></span> <span class='ocrx_word' id='word_1_129' title='bbox 892 2983 1172 3069; x_wconf 86' lang='lat' dir='ltr'><strong>disquisitionibus</strong></span> <span class='ocrx_word' id='word_1_130' title='bbox 1195 2988 1300 3050; x_wconf 90' lang='lat' dir='ltr'><strong>cetera</strong></span> 
     </span>
     <span class='ocr_line' id='line_1_22' title="bbox 179 3097 1300 3184; baseline -0.003 -19"><span class='ocrx_word' id='word_1_131' title='bbox 179 3102 289 3165; x_wconf 88' lang='lat' dir='ltr'><strong>omnia</strong></span> <span class='ocrx_word' id='word_1_132' title='bbox 318 3099 452 3184; x_wconf 79' lang='lat' dir='ltr'><strong>negligit</strong></span> <span class='ocrx_word' id='word_1_133' title='bbox 481 3099 720 3183; x_wconf 81' lang='lat' dir='ltr'><strong>contemnitque</strong></span> <span class='ocrx_word' id='word_1_134' title='bbox 742 3097 782 3162; x_wconf 89' lang='lat' dir='ltr'><strong>ad</strong></span> <span class='ocrx_word' id='word_1_135' title='bbox 805 3097 922 3163; x_wconf 83' lang='lat' dir='ltr'><strong>hilares</strong></span> <span class='ocrx_word' id='word_1_136' title='bbox 944 3099 1059 3163; x_wconf 83' lang='lat' dir='ltr'><strong>inritat</strong></span> <span class='ocrx_word' id='word_1_137' title='bbox 1082 3097 1202 3182; x_wconf 90' lang='lat' dir='ltr'><strong>epulas.</strong></span> <span class='ocrx_word' id='word_1_138' title='bbox 1226 3097 1300 3182; x_wconf 85' lang='lat' dir='ltr'><strong>Ipsa</strong></span> 
     </span>
    </p>
   </div>
   <div class='ocr_carea' id='block_1_5' title="bbox 177 3210 1302 3526">
    <p class='ocr_par' dir='ltr' id='par_1_9' title="bbox 177 3210 1302 3526">
     <span class='ocr_line' id='line_1_23' title="bbox 177 3210 1300 3297; baseline -0.004 -19"><span class='ocrx_word' id='word_1_139' title='bbox 177 3214 326 3278; x_wconf 81' lang='lat' dir='ltr'><strong>inritatio</strong></span> <span class='ocrx_word' id='word_1_140' title='bbox 348 3212 457 3295; x_wconf 82' lang='lat'><strong>(1-8)</strong></span> <span class='ocrx_word' id='word_1_141' title='bbox 480 3213 608 3296; x_wconf 74' lang='lat' dir='ltr'><strong>egregit</strong></span> <span class='ocrx_word' id='word_1_142' title='bbox 630 3216 680 3277; x_wconf 92' lang='lat' dir='ltr'><strong>est</strong></span> <span class='ocrx_word' id='word_1_143' title='bbox 699 3210 886 3297; x_wconf 83' lang='lat' dir='ltr'><strong>lepidaque3</strong></span> <span class='ocrx_word' id='word_1_144' title='bbox 911 3212 1036 3297; x_wconf 87' lang='lat' dir='ltr'><strong>reliqua</strong></span> <span class='ocrx_word' id='word_1_145' title='bbox 1059 3212 1166 3276; x_wconf 87' lang='lat' dir='ltr'><strong>omnia</strong></span> <span class='ocrx_word' id='word_1_146' title='bbox 1176 3211 1300 3276; x_wconf 86' lang='lat' dir='ltr'><strong>insulsa</strong></span> 
     </span>
     <span class='ocr_line' id='line_1_24' title="bbox 179 3323 1299 3412; baseline -0.003 -20"><span class='ocrx_word' id='word_1_147' title='bbox 179 3331 266 3412; x_wconf 85' lang='lat' dir='ltr'><strong>suut,</strong></span> <span class='ocrx_word' id='word_1_148' title='bbox 288 3325 413 3411; x_wconf 86' lang='lat' dir='ltr'><strong>frigida,</strong></span> <span class='ocrx_word' id='word_1_149' title='bbox 435 3344 534 3390; x_wconf 89' lang='lat' dir='ltr'><strong>sensu</strong></span> <span class='ocrx_word' id='word_1_150' title='bbox 557 3343 655 3390; x_wconf 82' lang='lat' dir='ltr'><strong>cassa</strong></span> <span class='ocrx_word' id='word_1_151' title='bbox 679 3323 813 3390; x_wconf 85' lang='lat' dir='ltr'><strong>Minime</strong></span> <span class='ocrx_word' id='word_1_152' title='bbox 835 3344 911 3390; x_wconf 85' lang='lat' dir='ltr'><strong>vero</strong></span> <span class='ocrx_word' id='word_1_153' title='bbox 934 3325 1061 3410; x_wconf 81' lang='lat' dir='ltr'><strong>placent</strong></span> <span class='ocrx_word' id='word_1_154' title='bbox 1084 3343 1167 3410; x_wconf 88' lang='lat' dir='ltr'><strong>quae</strong></span> <span class='ocrx_word' id='word_1_155' title='bbox 1188 3325 1299 3389; x_wconf 89' lang='lat' dir='ltr'><strong>desuo</strong></span> 
     </span>
     <span class='ocr_line' id='line_1_25' title="bbox 178 3437 1302 3526; baseline -0.003 -20"><span class='ocrx_word' id='word_1_156' title='bbox 178 3442 249 3526; x_wconf 91' lang='lat' dir='ltr'><strong>ipse</strong></span> <span class='ocrx_word' id='word_1_157' title='bbox 282 3458 390 3505; x_wconf 90' lang='lat' dir='ltr'><strong>amore</strong></span> <span class='ocrx_word' id='word_1_158' title='bbox 424 3438 564 3504; x_wconf 85' lang='lat' dir='ltr'><strong>declarat</strong></span> <span class='ocrx_word' id='word_1_159' title='bbox 598 3443 707 3523; x_wconf 72' lang='lat' dir='ltr'><strong>poeta:</strong></span> <span class='ocrx_word' id='word_1_160' title='bbox 742 3437 956 3524; x_wconf 75' lang='lat' dir='ltr'><strong>„Telephum”</strong></span> <span class='ocrx_word' id='word_1_161' title='bbox 987 3439 1032 3504; x_wconf 89' lang='lat' dir='ltr'><strong>ait</strong></span> <span class='ocrx_word' id='word_1_162' title='bbox 1063 3437 1195 3521; x_wconf 84' lang='lat' dir='ltr'><strong>„Rhode</strong></span> <span class='ocrx_word' id='word_1_163' title='bbox 1217 3442 1302 3504; x_wconf 87' lang='lat' dir='ltr'><strong>amet</strong></span> 
     </span>
    </p>
   </div>
   <div class='ocr_carea' id='block_1_6' title="bbox 178 3556 331 3640">
    <p class='ocr_par' dir='ltr' id='par_1_10' title="bbox 178 3556 331 3640">
     <span class='ocr_line' id='line_1_26' title="bbox 178 3556 331 3640; baseline -0.013 -20"><span class='ocrx_word' id='word_1_164' title='bbox 178 3556 331 3640; x_wconf 87' lang='lat' dir='ltr'><strong>petitque,</strong></span> 
     </span>
    </p>
   </div>
   <div class='ocr_carea' id='block_1_7' title="bbox 272 3713 1044 3799">
    <p class='ocr_par' dir='ltr' id='par_1_11' title="bbox 272 3713 1044 3799">
     <span class='ocr_line' id='line_1_27' title="bbox 272 3713 1044 3799; baseline 0 -19"><span class='ocrx_word' id='word_1_165' title='bbox 272 3790 276 3798; x_wconf 28' lang='grc' dir='ltr'><strong><em>Ι</em></strong></span> <span class='ocrx_word' id='word_1_166' title='bbox 311 3714 364 3782; x_wconf 87' lang='lat' dir='ltr'><strong>Me</strong></span> <span class='ocrx_word' id='word_1_167' title='bbox 386 3716 494 3783; x_wconf 90' lang='lat' dir='ltr'><strong>lentus</strong></span> <span class='ocrx_word' id='word_1_168' title='bbox 517 3715 671 3799; x_wconf 80' lang='lat' dir='ltr'><strong>Glycerae</strong></span> <span class='ocrx_word' id='word_1_169' title='bbox 694 3720 792 3781; x_wconf 88' lang='lat' dir='ltr'><strong>torret</strong></span> <span class='ocrx_word' id='word_1_170' title='bbox 814 3735 902 3781; x_wconf 86' lang='lat' dir='ltr'><strong>amor</strong></span> <span class='ocrx_word' id='word_1_171' title='bbox 924 3713 1044 3781; x_wconf 87' lang='lat' dir='ltr'><strong>meae&#39;&#39;.</strong></span> 
     </span>
    </p>
   </div>
   <div class='ocr_carea' id='block_1_8' title="bbox 179 3890 1028 3977">
    <p class='ocr_par' dir='ltr' id='par_1_12' title="bbox 179 3890 1028 3977">
     <span class='ocr_line' id='line_1_28' title="bbox 179 3890 1028 3977; baseline -0.001 -20"><span class='ocrx_word' id='word_1_172' title='bbox 179 3891 219 3957; x_wconf 93' lang='lat' dir='ltr'><strong>Iu</strong></span> <span class='ocrx_word' id='word_1_173' title='bbox 243 3910 279 3957; x_wconf 90' lang='lat' dir='ltr'><strong>se</strong></span> <span class='ocrx_word' id='word_1_174' title='bbox 302 3911 377 3977; x_wconf 93' lang='lat' dir='ltr'><strong>ergo</strong></span> <span class='ocrx_word' id='word_1_175' title='bbox 401 3890 522 3956; x_wconf 86' lang='lat' dir='ltr'><strong>dictum</strong></span> <span class='ocrx_word' id='word_1_176' title='bbox 546 3891 654 3956; x_wconf 90' lang='lat' dir='ltr'><strong>credat</strong></span> <span class='ocrx_word' id='word_1_177' title='bbox 676 3890 923 3976; x_wconf 86' lang='lat' dir='ltr'><strong>Propertianum</strong></span> <span class='ocrx_word' id='word_1_178' title='bbox 945 3891 1028 3956; x_wconf 92' lang='lat' dir='ltr'><strong>illud</strong></span> 
     </span>
    </p>
   </div>
   <div class='ocr_carea' id='block_1_9' title="bbox 313 4053 1057 4140">
    <p class='ocr_par' dir='ltr' id='par_1_13' title="bbox 313 4053 1057 4140">
     <span class='ocr_line' id='line_1_29' title="bbox 313 4053 1057 4140; baseline 0 -22"><span class='ocrx_word' id='word_1_179' title='bbox 313 4053 375 4138; x_wconf 84' lang='lat' dir='ltr'><strong>Ah,</strong></span> <span class='ocrx_word' id='word_1_180' title='bbox 398 4059 513 4139; x_wconf 68' lang='lat' dir='ltr'><strong>pereat,</strong></span> <span class='ocrx_word' id='word_1_181' title='bbox 535 4055 644 4121; x_wconf 91' lang='lat' dir='ltr'><strong>lentus</strong></span> <span class='ocrx_word' id='word_1_182' title='bbox 668 4057 697 4120; x_wconf 91' lang='lat' dir='ltr'><strong>si</strong></span> <span class='ocrx_word' id='word_1_183' title='bbox 720 4056 793 4140; x_wconf 91' lang='lat' dir='ltr'><strong>quis</strong></span> <span class='ocrx_word' id='word_1_184' title='bbox 817 4072 923 4120; x_wconf 88' lang='lat' dir='ltr'><strong>amare</strong></span> <span class='ocrx_word' id='word_1_185' title='bbox 945 4058 1057 4139; x_wconf 90' lang='lat' dir='ltr'><strong>potest.</strong></span> 
     </span>
    </p>
   </div>
   <div class='ocr_carea' id='block_1_10' title="bbox 225 4227 1296 4314">
    <p class='ocr_par' dir='ltr' id='par_1_14' title="bbox 225 4227 1296 4314">
     <span class='ocr_line' id='line_1_30' title="bbox 225 4227 1296 4314; baseline -0.001 -20"><span class='ocrx_word' id='word_1_186' title='bbox 225 4227 363 4295; x_wconf 88' lang='lat' dir='ltr'><strong>Omnino</strong></span> <span class='ocrx_word' id='word_1_187' title='bbox 397 4234 551 4295; x_wconf 82' lang='lat' dir='ltr'><strong>venustas</strong></span> <span class='ocrx_word' id='word_1_188' title='bbox 579 4229 702 4314; x_wconf 87' lang='lat' dir='ltr'><strong>puellos</strong></span> <span class='ocrx_word' id='word_1_189' title='bbox 724 4234 868 4294; x_wconf 89' lang='lat' dir='ltr'><strong>autnon</strong></span> <span class='ocrx_word' id='word_1_190' title='bbox 891 4248 1020 4295; x_wconf 85' lang='lat' dir='ltr'><strong>curasse</strong></span> <span class='ocrx_word' id='word_1_191' title='bbox 1044 4229 1171 4295; x_wconf 89' lang='lat' dir='ltr'><strong>videtur</strong></span> <span class='ocrx_word' id='word_1_192' title='bbox 1194 4227 1296 4294; x_wconf 88' lang='lat' dir='ltr'><strong>Hora·</strong></span> 
     </span>
    </p>
   </div>
   <div class='ocr_carea' id='block_1_11' title="bbox 0 0 1482 5130">
    <p class='ocr_par' dir='ltr' id='par_1_15' title="bbox 0 0 1482 5130">
     <span class='ocr_line' id='line_1_31' title="bbox 0 0 1482 5130; baseline 0 0"><span class='ocrx_word' id='word_1_193' title='bbox 0 0 1482 5130; x_wconf 95' lang='lat' dir='ltr'><strong> </strong></span> 
     </span>
    </p>
   </div>
  </div>
 </body>
</html>
