2954 5130
707 485 771 547 186

219 668 308 734 Nihil
332 688 408 756 ergo
432 689 492 735 nos
513 669 643 735 eredere
665 669 752 755 eogit
773 668 1006 734 Hontimom

490 832 587 898 Forte
608 835 662 918 pio
685 839 718 898 et
741 832 874 898 snliente
895 835 978 897 mio·

176 993 218 1060 ab
241 993 358 1060 Ovidio
380 1015 570 1080 expressum
591 1015 671 1061 esse
695 995 740 1060 et
761 1002 933 1080 praetorem
951 1002 990 1061 ut
1008 1016 1108 1080 quom
1118 997 1298 1061 eommunis

177 1109 231 1173 hio
252 1110 355 1194 poetis
377 1109 487 1173 latinis
509 1109 607 1174 fuerit
628 1110 720 1174 loeus
740 1110 860 1192 vidone,
882 1108 1087 1194 pseudo-fib.
1109 1109 1170 1192 IV,
1191 1111 1221 1192 1,
1240 1111 1299 1172 14:

314 1270 481 1356 Parvaque
503 1271 656 1337 caelestes
678 1271 818 1357 pleonvit
840 1273 932 1336 mioo,

223 1434 266 1501 Et
294 1437 448 1519 quonism
477 1436 576 1501 semel
601 1434 720 1500 Tibulli
741 1441 774 1500 et
794 1434 953 1520 Lygdemi
974 1436 1072 1500 inieei
1095 1437 1300 1520 montionem,

178 1550 276 1615 huius
310 1569 370 1635 opo
402 1549 491 1614 illius
525 1569 654 1614 versum
686 1550 856 1615 emendare
884 1548 1298 1634 conabor.1ogituronim

177 1661 539 1748 mb.11‚5‚102sq.:

312 1822 441 1909 Ingeret
461 1824 515 1889 hio
536 1831 633 1909 potus
654 1826 782 1890 iuvenis
806 1824 973 1890 moledicte
995 1825 1124 1910 puellae

357 1937 528 2002 Postmodo
552 1957 634 2022 quae
657 1939 742 2002 votis
763 1940 852 2002 irrita
874 1938 959 2002 fec-ta
981 1939 1068 2003 velit

224 2089 310 2167 Quid
343 2087 501 2154 voeabulo
536 2091 649 2155 votis
680 2089 860 2155 faciemus?
889 2089 1012 2176 Nempe
1035 2093 1081 2155 ite
1104 2093 1298 2176 accipiemus

179 2211 217 2270 ut
245 2204 373 2269 iuvenis
403 2207 572 2288 precari
595 2204 728 2268 dicatur.
752 2203 824 2286 Sed,
847 2206 876 2270 si
900 2205 980 2290 quid
1001 2205 1105 2287 video,
1128 2204 1298 2290 subinepte

177 2319 225 2384 sio
258 2319 403 2383 noscitur
436 2320 610 2382 sententio:
645 2337 740 2383 nemo
772 2320 857 2384 enim
880 2339 899 2383 e
921 2320 983 2384 diis
1007 2319 1244 2386 immortalibus
1266 2318 1298 2383 τὸ

177 2430 321 2496 ἀδύνατον
342 2437 499 2516 precatur,
519 2451 613 2497 nemo
636 2432 709 2497 illos
732 2432 815 2497 teoto
834 2433 952 2497 infecte
972 2432 1155 2498 reddituros
1167 2452 1297 2518 exspec-

179 2551 246 2611 tore
275 2551 385 2630 potest
418 2545 604 2630 Legendum
628 2565 703 2630 ergo
727 2566 785 2631 pro
809 2547 923 2611 votis
945 2566 1060 2612 censeo
1084 2550 1238 2631 ventis,
1261 2553 1297 2612 ut

178 2660 266 2724 venti
301 2659 448 2724 dicentur
481 2660 647 2724 maledieto
680 2660 735 2724 ille
764 2679 874 2726 seeum
904 2660 995 2726 ferre.
1027 2659 1072 2724 et
1095 2659 1197 2746 Lygd.
1221 2661 1296 2740 (rib.

179 2772 291 2855 111,6,
315 2773 386 2854 50):

599 2889 738 2973 periuria
762 2889 845 2954 ridet
866 2895 1032 2955 amantum

399 3000 544 3085 Iuppiter
567 3007 599 3067 et
621 3007 735 3068 ventos
757 3005 847 3069 irrito
869 3004 953 3069 ferro
977 3003 1074 3069 iubet

224 3164 265 3231 Et
289 3164 435 3231 Catullus
459 3166 511 3248 30,
536 3166 556 3230 9
578 3186 644 3250 sq.:

268 3316 357 3382 Idem
380 3337 468 3382 nuno
491 3317 625 3382 retrahis
647 3321 678 3382 te
700 3337 738 3382 oo
760 3323 818 3382 tua
840 3318 925 3382 diets
952 3319 1060 3383 omnia
1081 3318 1230 3403 factaque

268 3429 390 3497 Ventos
413 3431 504 3495 irrite
525 3431 608 3496 terre
630 3451 667 3495 ao
691 3431 826 3497 nebulas
849 3432 949 3497 serias
974 3433 1062 3496 sinis

225 3590 320 3659 Haud
352 3593 448 3660 dubie
479 3594 608 3679 quidem
642 3594 757 3660 melius
780 3595 932 3659 dicuntur
955 3596 1042 3660 venti
1067 3595 1151 3659 diota
1172 3597 1302 3662 irrita

178 3694 294 3775 forro
317 3726 413 3794 quem
437 3708 564 3773 irrita
586 3707 749 3790 faeere,
769 3708 825 3773 sed
838 3713 946 3774 tamen
959 3710 1136 3794 noquehoo
1149 3713 1301 3779 vitiosum

227 3918 354 4007 Itoglttm
374 3921 457 4009 opud
482 3919 651 3987 Horatium
675 3919 745 4003 (ΙΙΙ,
771 3921 822 4002 22,
847 3922 878 4002 2)
903 3921 942 3986 de
964 3920 1084 3988 Diana:

447 4086 534 4163 Quae
556 4084 736 4150 laborantes
761 4086 852 4147 utero
876 4085 998 4168 puellae

445 4198 505 4266 Tor
528 4205 639 4266 vooete
662 4198 754 4264 endis
