2954 5130
706 519 768 580 201

180 711 249 771 tum
284 705 520 770 celeberrimam
554 704 641 767 illam
677 704 761 767 inter
793 701 927 785 Lydiam
958 704 1092 788 eiusque
1124 708 1294 769 amatorem
1372 682 1376 688 ¹

180 820 415 884 altercationem
447 816 515 898 (HI,
540 818 578 897 9).
611 815 703 892 Quod
733 821 840 881 autem
864 816 903 879 ad
925 816 1069 900 longiora
1092 819 1205 882 attinet
1227 837 1295 882 car·

180 935 275 1015 mina,
309 931 363 1013 ibi,
399 938 434 995 ut
468 933 530 995 iam
566 931 643 1012 dixi,
675 935 774 994 artem
804 929 1012 994 Horatianam
1043 932 1228 1014 praesertim
1260 932 1294 995 in

180 1045 331 1111 brevibus
355 1046 521 1110 sententiis
544 1046 706 1109 cernimus
729 1049 760 1109 et
783 1044 985 1108 admiramur.

224 1159 306 1224 Nam
338 1159 498 1243 plerisque
530 1159 598 1222 odis
622 1158 668 1222 nil
693 1177 727 1222 se
750 1158 813 1222 nisi
838 1160 1000 1222 metricam
1024 1163 1182 1242 spectasse
1205 1177 1295 1223 exer-

181 1274 361 1337 citationem
382 1273 451 1356 ipse
470 1271 653 1356 frequenter
671 1270 825 1334 Horatius
844 1270 1018 1354 profitetur.
1031 1270 1209 1336 Utilissima
1221 1290 1295 1356 ergo
1390 1291 1394 1298 ”

180 1405 230 1450 res
265 1392 313 1450 θεῖ
348 1385 475 1449 illarum
510 1385 596 1469 vitia,
630 1404 768 1469 quorum
801 1404 882 1469 quae
914 1390 1021 1449 essent
1050 1403 1168 1469 genera
1200 1405 1297 1470 snpra

180 1500 328 1582 indicavi,
362 1519 457 1583 quam
490 1499 727 1564 accuratissime
750 1500 901 1584 indagare
923 1503 954 1564 et
979 1519 1075 1584 quam
1099 1501 1296 1583 apertissime

182 1631 361 1699 agnoscere,
384 1613 482 1698 idque
505 1612 608 1677 tribus
633 1613 671 1678 de
694 1615 808 1678 causis.

226 1727 369 1791 Primum
393 1729 438 1791 ita
462 1727 590 1791 demum
613 1728 741 1810 penitus
765 1728 884 1791 sentire
906 1746 1078 1811 possumus
1102 1747 1198 1812 quam
1225 1726 1296 1812 pul·

181 1841 257 1905 ohra
279 1841 434 1905 nonnulla
457 1842 521 1905 sint
543 1842 683 1905 carmina
705 1860 748 1906 ex
770 1860 807 1906 eo
829 1860 945 1925 genere
968 1840 1008 1905 ad
1033 1841 1119 1925 quod
1143 1840 1297 1905 Horatius

181 1960 276 2020 natus
298 1955 359 2019 fuit
382 1955 560 2039 factusque.

226 2067 358 2152 Deinde,
383 2069 438 2133 ubi
462 2069 559 2134 semel
582 2068 675 2133 nobis
695 2074 818 2133 constat
837 2072 962 2153 poetam
982 2088 1046 2132 non
1060 2086 1297 2154 semperaeque

154 2213 156 2217 ·
180 2181 304 2247 felicem
326 2182 434 2265 fuisse,
460 2203 555 2267 quam
579 2184 687 2247 inania
707 2184 772 2247 sint
790 2182 1020 2247 nonnullorum
1040 2189 1227 2265 commenta,
1240 2184 1297 2268 qui

182 2316 297 2361 arcana
331 2298 468 2381 quadam
502 2298 645 2362 doctrina
675 2296 798 2362 efficere
829 2303 986 2361 conantur
1016 2302 1052 2361 ut
1081 2297 1242 2381 praeclara
1265 2303 1298 2362 et

182 2411 254 2495 plns
298 2431 394 2495 qnam
429 2411 587 2476 humanae
621 2412 794 2495 sapientiae
828 2410 952 2475 Horatii
987 2410 1157 2475 videantur
1190 2412 1297 2475 omnia

182 2526 406 2609 intelligimus:
434 2527 497 2590 iam
521 2527 605 2590 enim
629 2544 666 2590 eo
688 2530 877 2610 perventum
902 2531 949 2590 est
973 2530 1017 2596 ut,
1032 2524 1071 2589 ab
1095 2544 1160 2589 nno
1183 2525 1297 2590 altero·

183 2658 245 2723 que
275 2640 343 2702 viro
374 2639 465 2702 docto
496 2638 708 2723 Pythagorica
738 2639 859 2703 ratione
889 2637 1042 2703 Horatius
1065 2639 1243 2724 explicetur
1266 2644 1297 2704 et

184 2752 433 2817 commendetur.

227 2865 384 2950 Denique,
406 2866 439 2929 id
464 2866 550 2950 quod
573 2866 625 2930 vel
647 2866 873 2950 gravissimum
898 2871 954 2949 est,
974 2867 1020 2931 sio
1039 2865 1213 2932 audacibus
1226 2866 1297 2933 abs-

182 2981 283 3045 tinere
305 2980 496 3044 coniecturis
518 2980 686 3045 discemus.
709 2978 792 3044 Nam
811 2979 885 3045 licet
903 2981 966 3044 iam
986 2981 1070 3045 inter
1089 2982 1175 3046 viros
1188 2981 1297 3046 doctos

183 3099 305 3159 constet
336 3093 460 3158 Horatii
491 3094 632 3158 carmina
655 3094 730 3158 talia
752 3093 817 3158 iere
840 3093 880 3157 ad
903 3112 962 3158 nos
985 3096 1168 3178 pervenisse
1191 3094 1297 3179 qualia

182 3208 237 3272 ille
261 3209 429 3292 scripserit,
452 3209 612 3271 tamenin
634 3207 701 3272 dies
714 3226 815 3272 novae
826 3206 1031 3290 proferuntur
1042 3207 1296 3273 emendationes:

184 3323 298 3385 nolunt
322 3323 408 3386 enim
432 3322 634 3405 acquiescere
658 3322 760 3385 critici
782 3323 815 3385 in
840 3320 1005 3385 vocabulis
1017 3321 1297 3406 locutionibusque
1339 3323 1343 3329 ’

183 3455 296 3519 parum
331 3436 434 3500 rectis.
470 3434 526 3515 Me,
552 3440 658 3499 autem
688 3435 793 3499 iudice
824 3435 909 3499 inter
938 3453 1021 3499 nova
1050 3435 1106 3499 illa
1129 3437 1298 3500 conamina

184 3568 286 3613 unum
321 3554 445 3613 tantum
478 3553 526 3612 est
556 3548 642 3632 qnod
671 3553 793 3612 certum
818 3548 867 3631 sit,
890 3549 1116 3632 necessarium,
1139 3549 1221 3614 nulli
1244 3548 1298 3614 ob·

184 3666 319 3729 noxium
343 3663 549 3728 dubitationi:
572 3662 661 3727 illam
682 3662 753 3726 dico
773 3662 1026 3727 emendationem
1047 3683 1111 3747 qua
1123 3663 1165 3742 Π,
1178 3664 1229 3748 18,
1240 3683 1297 3749 pro

735 3826 849 3910 Aequa
872 3825 967 3890 tellus

493 3940 633 4024 Pauperi
660 3939 836 4004 recluditur

537 4053 780 4138 Regumque
803 4054 950 4138 pueris

186 4232 318 4318 legitur:
353 4230 594 4314 Regumque
627 4230 785 4315 primis.
819 4228 889 4293 Hac
924 4229 1020 4294 simnl
1055 4232 1148 4296 metri
1182 4232 1298 4297 vitium
