2954 5130
709 550 773 614 165

403 737 492 803 Pone
514 756 566 802 me
587 738 686 822 pigris
709 736 766 801 ubi
786 736 877 802 nulla
899 737 1019 820 campis

402 851 507 916 Arbor
530 853 648 917 aestiva
670 856 831 916 recreatur
854 870 941 932 aura,

403 963 495 1041 Quod
516 965 602 1029 latus
625 964 738 1029 mundi
762 963 898 1029 nebulae
920 964 1087 1048 malusque

490 1077 634 1162 Iuppiter
657 1083 789 1162 urguet3

402 1190 492 1255 Pone
515 1189 576 1255 sub
600 1209 699 1255 curru
721 1191 855 1255 nimium
879 1191 1051 1276 propinqui

403 1302 486 1368 Solis
508 1305 541 1367 in
566 1309 649 1368 terra
672 1302 819 1368 domibus
842 1307 963 1387 negata.

181 1488 267 1566 Quid
298 1509 386 1554 nunc
416 1472 508 1574 sequi
531 1490 676 1574 oportet?
700 1487 838 1574 Opinor:
865 1507 1008 1573 ,semper
1030 1508 1162 1555 securus
1186 1509 1239 1555 ero
1262 1496 1294 1556 et

178 1609 265 1670 recte
287 1603 441 1669 factorum
465 1606 660 1670 conscientia
682 1605 783 1670 fretus
804 1604 851 1667 nil
874 1611 1031 1670 metuam:
1055 1606 1116 1690 ipsi
1139 1607 1224 1670 enim
1249 1605 1292 1670 dii

179 1717 375 1782 immortales
408 1718 486 1781 mihi
519 1736 609 1802 opem
646 1717 777 1783 fereut''
811 1717 859 1783 Ea
894 1719 1052 1783 sententia
1083 1720 1110 1782 si
1134 1718 1293 1802 eleganter

179 1833 346 1897 enuntiata
378 1850 505 1895 carmen
540 1831 750 1914 clauderetur,
784 1851 848 1896 non
881 1832 1009 1916 quidem
1040 1831 1188 1896 omnibus
1212 1838 1295 1898 esset

179 1946 324 2009 numeris
347 1943 529 2009 absolutum
552 1964 689 2027 carmen,
713 1966 786 2010 nam
806 1944 925 2030 quibus
945 1946 1023 2009 mihi
1035 1951 1196 2030 praeterea
1207 1945 1293 2010 labo-

178 2079 251 2123 rare
284 2060 370 2123 vitiis
404 2059 551 2123 videatur
584 2060 646 2123 iam
680 2059 756 2142 dixi,
787 2060 842 2125 sed
872 2064 978 2125 tamen
1002 2059 1083 2125 bene
1105 2060 1293 2125 cohaereret

180 2171 266 2248 Quid
290 2177 395 2237 autem
420 2172 589 2256 sequitur?

401 2355 505 2422 Dulce
527 2358 681 2422 ridentem
705 2356 844 2443 Lalagen
871 2358 983 2423 amabo

489 2471 591 2538 Dulce
613 2472 805 2558 loquentem.

178 2659 254 2743 Ipse
288 2659 340 2723 sui
372 2659 539 2723 immemor
570 2660 751 2743 argumenti
781 2663 873 2744 poeta
903 2660 954 2724 hio
977 2665 1033 2726 est.
1058 2659 1129 2737 Qua
1151 2662 1236 2726 euim
1259 2680 1294 2726 re

178 2771 299 2836 factum
334 2776 382 2836 est
412 2777 449 2836 ut
471 2791 489 2838 e
510 2776 598 2837 tanto
622 2772 761 2857 periculo
785 2773 893 2837 salvus
917 2772 1040 2839 abiret?
1063 2773 1191 2839 Morum
1214 2775 1294 2840 inte

178 2887 302 2972 gritate,
336 2891 372 2952 ut
407 2887 535 2970 opinor,
571 2906 635 2950 non
667 2887 752 2951 enim
783 2889 881 2972 quia
912 2887 951 2952 de
973 2886 1089 2972 Lalage
1112 2887 1293 2953 cantillabat

178 3006 274 3086 podia
305 3001 402 3086 lupus
435 3000 526 3086 fugit,
557 3001 613 3066 sed
645 3021 888 3086 quamquam
919 3002 958 3067 de
981 3002 1048 3067 sola
1069 3001 1185 3086 Lalage
1208 3005 1293 3088 cogi-

179 3115 275 3199 tabat,
298 3136 364 3180 non
387 3117 426 3182 de
449 3134 484 3182 se
507 3115 703 3182 defendendo
728 3117 778 3181 vel
801 3117 840 3181 de
863 3117 1001 3182 vitandis
1025 3117 1182 3202 periculis.

224 3229 461 3295 Venustissima
494 3231 750 3314 suavissimaque
784 3235 833 3294 est
865 3231 1014 3295 carminis
1048 3230 1074 3314 I,
1106 3231 1145 3293 17
1178 3249 1293 3314 magua

180 3363 272 3427 pars:
312 3345 377 3408 vita
411 3346 496 3408 enim
529 3346 649 3409 rustica
682 3346 789 3428 quieta
823 3349 918 3428 atque
952 3363 1064 3409 secura
1097 3344 1293 3428 lepidissime

181 3456 372 3522 describitur
395 3463 425 3522 et
446 3461 492 3522 ita
515 3463 550 3523 ut
572 3463 696 3542 poetam
720 3477 802 3542 quae
826 3459 909 3522 dicat
930 3459 1036 3542 ipsum
1061 3459 1179 3522 sentire
1201 3457 1293 3523 facile

181 3590 344 3655 agnoscas.
378 3571 440 3636 Sed
471 3572 550 3656 quid
578 3570 766 3654 Tyndaride,
795 3573 888 3637 cuius
911 3573 945 3635 in
969 3591 1005 3637 ec
1030 3572 1221 3636 mentionem
1245 3573 1293 3636 in-

180 3686 256 3762 iicit,
290 3684 406 3751 faceret
439 3688 603 3769 ignorasse
635 3685 687 3749 vel
722 3705 835 3769 parum
870 3705 998 3750 curasse
1033 3690 1126 3770 polita
1158 3686 1292 3750 videtur.

180 3799 275 3862 lllam
304 3801 389 3864 enim
418 3801 532 3863 invitat
562 3799 602 3864 ad
626 3801 707 3865 diem
731 3802 765 3864 in
790 3819 921 3865 amoena
944 3799 1026 3865 valle
1047 3798 1174 3883 Sabina,
1196 3820 1291 3884 quam

180 3932 222 3977 ne
252 3912 406 3978 Arcadiae
437 3913 566 3997 quidem
599 3912 761 3978 montibus
785 3917 954 3997 postponat
975 3912 1130 3996 Bacchus,
1153 3913 1293 3977 hilariter

180 4026 382 4091 sumendum.
417 4025 488 4091 Hoc
519 4027 646 4111 quidem
678 4027 886 4111 aptissimum.
908 4025 973 4090 Ubi
996 4026 1081 4091 enim
1103 4025 1222 4090 laetum
1245 4031 1294 4090 est

181 4140 407 4206 celebrandum
438 4142 621 4205 convivium
644 4141 766 4226 puellae
790 4141 911 4225 lepidae
935 4146 966 4206 et
991 4139 1160 4225 „argutae”
1183 4138 1293 4205 abesse

179 4275 244 4319 non
280 4260 422 4339 possunt.
449 4254 511 4321 Sed
542 4256 700 4340 quomodo
724 4255 908 4319 cenuvium
930 4255 1018 4319 illam
1041 4254 1287 4319 exhilaraturam
