2954 5130
710 507 775 571 1oe

177 701 258 764 insit
294 696 414 763 dubito.
449 695 530 774 Quis
564 697 650 762 enim
679 714 776 761 verus
806 700 937 779 ametor,
967 694 1023 760 ubi
1047 696 1111 760 iam
1134 714 1192 780 pro
1215 699 1300 761 certo

178 816 306 878 constat
340 811 480 896 puellam
512 810 712 875 assiduas
734 810 850 894 potiori
874 809 949 873 dare
972 813 1091 891 noctes,
1114 809 1210 874 etiam
1232 826 1302 892 pre·

180 926 274 992 cibus
297 930 328 991 ei
350 925 560 1010 querimoniis
585 923 763 1008 quidquam
783 940 817 988 ee
837 922 1024 988 effecturum
1044 928 1159 1008 sperat.
1171 923 1303 988 Aemnli

180 1045 288 1104 autom
313 1039 451 1120 divitiae,
469 1037 581 1120 forma,
599 1037 722 1121 lepores
742 1037 913 1102 metuenda
932 1040 1018 1120 sunt,
1029 1037 1064 1100 in
1075 1037 1146 1103 eius
1158 1037 1303 1102 doctrina

180 1158 213 1218 et
235 1170 370 1217 mennae
392 1151 613 1236 philosophiae
635 1151 768 1216 scientia
788 1150 924 1236 periculi
946 1155 994 1216 est
1017 1150 1106 1214 nihil.

226 1265 291 1344 Qui
313 1268 347 1330 in
371 1284 479 1332 amore
501 1271 567 1330 tam
590 1267 633 1330 sit
656 1264 779 1348 infelix,
803 1285 877 1332 eum
902 1264 1053 1331 credibile
1075 1270 1123 1331 est
1145 1264 1227 1330 ferre
1245 1264 1303 1328 vix

179 1399 274 1465 posse
296 1379 375 1445 alios
397 1400 416 1444 a
437 1379 553 1464 puellis
572 1381 642 1444 suis
661 1380 777 1460 amari3
800 1379 937 1444 aliorum
950 1380 1034 1444 euim
1048 1378 1183 1444 felicitas
1194 1380 1302 1463 ipsum

181 1495 291 1559 miseri
325 1495 376 1558 sui
409 1493 549 1578 durique
582 1492 640 1557 fati
674 1493 831 1557 admonet
866 1492 952 1577 Ergo
988 1493 1113 1577 quoties
1148 1512 1168 1556 a
1200 1490 1304 1574 Lydia

180 1606 354 1692 Telephum
391 1606 515 1672 laudari
547 1605 637 1671 audit
661 1605 866 1671 acerbissimo
889 1605 1028 1671 afficitur
1050 1605 1166 1671 dolore.
1189 1605 1234 1670 ut
1255 1610 1304 1671 est

180 1720 236 1786 ille
254 1721 365 1786 rivalis
385 1738 465 1805 puer
483 1723 660 1804 protervus,
679 1738 791 1785 amans
810 1721 964 1804 rixarum,
975 1718 1072 1804 ferne,
1083 1720 1152 1803 ipse
1171 1718 1304 1784 lentie

181 1839 362 1900 maceratur
384 1833 524 1920 ignibus.
547 1833 583 1918 (I,
608 1834 659 1917 13,
679 1835 719 1916 8).

226 1947 342 2034 Neque
375 1953 483 2013 tamen
515 1964 640 2032 semper
669 1945 865 2012 felicioribus
895 1946 1027 2029 invidet,
1058 1964 1153 2031 saepe
1174 1945 1304 2011 illorum

183 2063 241 2146 qni
264 2061 325 2128 sibi
347 2061 594 2127 fortunatissimi
616 2061 767 2125 videntur
789 2079 865 2126 eum
884 2061 1032 2141 miseret3
1052 2064 1205 2145 expertus
1217 2061 1305 2125 enim

181 2178 274 2242 novit
297 2197 394 2262 quam
418 2175 501 2241 dura
523 2194 578 2241 eos
600 2179 726 2240 maneat
745 2194 823 2239 sore.
842 2173 928 2240 Hinc
946 2174 1144 2258 lepidissimo
1164 2176 1305 2239 carmine

182 2293 340 2375 Pyrrham
363 2293 409 2357 sic
430 2290 603 2375 alloquitur
622 2288 659 2373 (I,
674 2290 721 2371 5):
746 2289 822 2353 olim
845 2288 1303 2374 egotedeperibam,Pyrrha:

182 2425 281 2491 quem
304 2407 457 2470 miserum
479 2423 567 2468 nuno
590 2402 648 2468 tibi
671 2402 871 2468 devinxisti?
894 2403 991 2468 Nunc
1013 2402 1067 2469 ille
1089 2403 1302 2487 laetatur,sed

182 2540 279 2605 quam
312 2538 389 2583 mox
421 2516 648 2583 lamentabitur
669 2516 913 2602 lacrimabitque
935 2516 1068 2602 perfidia
1090 2521 1147 2582 tua
1169 2519 1305 2603 cognita.

181 2633 324 2700 Omnino
349 2650 460 2697 omnes
483 2632 592 2696 miseri
615 2635 692 2696 suni
719 2630 838 2715 quibus

427 2793 588 2859 Intentatn
610 2793 703 2878 nites,
726 2810 776 2857 me
799 2792 909 2857 tabula
932 2811 1020 2858 sacer

427 2907 544 2973 Votiva
567 2907 672 2992 paries
694 2907 815 2971 iudicat
838 2907 936 2970 uvida

474 3021 688 3107 Suspendiese
710 3022 834 3106 potenti

521 3135 717 3202 Vestimenta
739 3137 836 3201 maris
860 3136 927 3201 deo.

182 3313 435 3399 Lepidissimum
458 3316 514 3386 esi,
539 3316 574 3376 ut
596 3310 728 3394 aiebam,
747 3329 876 3376 carmen
896 3316 927 3376 et
946 3311 1128 3376 venustulis
1141 3310 1305 3377 vocabulis

182 3428 421 3513 elegantissime
444 3426 665 3510 compositum,
688 3425 745 3490 sed
763 3446 843 3491 num
863 3444 975 3491 revera
994 3445 1139 3510 unquam
1150 3423 1306 3508 Pyrrham

183 3542 300 3606 amarit
322 3544 416 3625 poeta
437 3541 507 3604 iure
530 3538 723 3604 dubitemus.

230 3653 339 3719 Durae
365 3652 575 3737 crudelesque
597 3652 752 3718 adversus
773 3657 902 3736 poetam
924 3658 956 3718 et
978 3653 1059 3718 aliae
1082 3672 1193 3718 omnes
1217 3654 1306 3739 puel·

182 3767 271 3833 lulae
302 3772 333 3832 et
364 3765 500 3849 Glycera
521 3765 622 3831 fuisse
645 3766 780 3831 videtur.
806 3764 941 3832 Veneris
964 3785 1039 3851 ergo
1064 3767 1223 3832 auxilium
1247 3769 1304 3832 im·
1361 3782 1364 3786 ·

184 3882 289 3966 plorat
330 3899 465 3965 eamque
506 3885 654 3965 precatur
691 3885 728 3946 ui
763 3899 797 3946 se
831 3900 905 3946 cum
941 3878 1107 3965 Cupidine,
1139 3880 1308 3967 Nymphis,

184 3995 365 4078 Iuventate,
394 3993 553 4060 Mercurio
584 3995 619 4057 in
651 3993 806 4076 Glycerae
838 3993 969 4058 domum
992 3993 1161 4060 transferat
1183 3994 1220 4079 (Ι,
1244 3995 1306 4076 30).

185 4109 248 4174 'lot
277 4128 352 4194 ergo
375 4109 436 4174 diis
460 4107 646 4192 deabusque
668 4108 708 4173 ad
732 4128 829 4172 unam
851 4112 962 4192 poetae
981 4108 1214 4173 conciliandam
1236 4128 1308 4174 mu·

182 4226 300 4290 lienem
323 4242 404 4307 opus
428 4227 484 4289 eet.
507 4222 624 4287 Totum
647 4221 707 4286 hoc
727 4239 854 4287 carmen
874 4220 1007 4286 Horatio
1028 4221 1308 4288 abindioatPeerl-
