2954 5130
717 485 780 550 160

184 670 341 755 lrampius,
374 671 427 735 cui
458 672 629 735 assentirer
652 672 680 735 si
703 670 889 737 incredibile
912 671 990 735 milri
1013 673 1179 739 videretur
1203 675 1304 742 Hora·

186 784 267 849 tium
310 786 464 850 eroticum
498 788 686 849 tractantem
718 791 945 871 argumentum
979 786 1076 851 verba
1111 791 1305 876 nominaque

186 898 256 962 sine
279 916 377 962 sensu
400 897 628 964 accumulasse.

228 1011 344 1076 Virum
379 1013 436 1096 qui
469 1011 592 1098 puellas
624 1031 749 1097 semper
779 1012 926 1098 perfidas,
949 995 1106 1098 crudeles,
1129 1015 1229 1082 duras
1251 1036 1305 1083 ex·

183 1129 294 1209 pertus
331 1127 381 1209 sit,
418 1127 471 1190 cui
514 1146 603 1191 amor
637 1126 775 1192 laetitiae
810 1127 899 1211 nihil,
933 1129 1137 1193 miseriarum
1168 1131 1305 1198 multum

184 1240 333 1322 attulerit,
357 1241 562 1304 maturiorem
583 1239 703 1305 factum
728 1241 806 1306 diris
829 1241 1113 1326 imprecationibus
1132 1248 1165 1310 et
1184 1245 1304 1312 acerbis

184 1354 332 1418 convitiis
354 1353 499 1438 iocisque
518 1373 629 1419 omnes
648 1355 797 1439 persequi
816 1353 953 1419 feminas
973 1375 1037 1419 non
1050 1360 1099 1422 est
1112 1359 1305 1425 mirandum.

184 1466 308 1532 Multus
332 1485 407 1552 ergo
429 1469 463 1531 in
486 1468 546 1532 hoc
568 1486 685 1552 genere
708 1473 757 1532 est
779 1467 943 1551 Horatius,
966 1469 1024 1534 sed
1047 1488 1122 1534 vero
1143 1490 1220 1536 eum
1233 1473 1303 1539 odio

184 1599 325 1664 veroque
355 1585 538 1666 contemptu
568 1582 690 1646 moveri
719 1581 805 1646 haud
830 1581 925 1647 facile
948 1582 1027 1646 mihi
1049 1585 1303 1667 persuadebitur.
1330 1579 1332 1582 ⁴

181 1683 388 1758 'Concitiandi
422 1695 518 1777 enim,
549 1695 754 1779 imprecandi,
784 1694 948 1760 deridendi
977 1697 1041 1760 iam
1067 1697 1304 1784 duodetriginta

186 1825 286 1871 annos
320 1813 417 1872 natus
446 1808 574 1872 initium
604 1807 687 1873 fecit.
716 1808 796 1873 Turn
820 1810 905 1873 enim
929 1808 1152 1876 acerbissimos
1176 1812 1251 1878 illos
1270 1816 1302 1879 in

186 1919 348 1986 Canidiam
382 1923 508 2006 scripsit
538 1923 655 2006 epodos
681 1921 712 1984 V
734 1928 766 1987 et
788 1921 894 1986 XVII.
919 1921 1063 1999 Quarum
1089 1925 1188 1991 altero
1214 1925 1303 1992 Cani-

184 2035 268 2100 diam
308 2035 459 2101 describit
492 2035 666 2101 inferorum
703 2037 763 2100 diis
798 2036 981 2102 foedissima
1012 2037 1169 2104 ferentem
1205 2061 1300 2106 sacra

183 2147 253 2226 Quo
278 2151 418 2215 carmine
441 2152 470 2214 si
491 2149 572 2213 nihil
591 2150 680 2214 aliud
700 2170 797 2234 quam
818 2156 1013 2215 nocturnum
1033 2151 1166 2236 aliquod
1177 2153 1301 2220 facinus

181 2269 318 2329 taetrum
343 2269 439 2348 atque
462 2264 654 2328 horrendum
680 2265 836 2329 aterrimis
860 2265 1030 2350 depingere
1050 2266 1300 2333 voluissetcolo·

181 2377 281 2463 ribus,
316 2398 442 2443 summa
474 2378 569 2443 laude
603 2379 736 2463 dignum
768 2383 859 2443 esset
890 2377 1027 2463 Egregie
1058 2381 1144 2444 enim
1170 2381 1298 2446 adeam

181 2512 248 2558 rem
272 2493 394 2558 delecta
419 2498 496 2558 sunt
518 2491 623 2557 verba
648 2491 710 2557 Sed
731 2487 812 2557 illud
836 2494 942 2577 poiisis
964 2494 1174 2579 picturaeque
1197 2513 1299 2580 genus

182 2613 290 2672 nostra
314 2608 442 2672 demum
465 2608 589 2673 invenit
611 2612 705 2673 aetas.
728 2606 843 2671 Parata
865 2626 940 2691 ergo
965 2612 1013 2672 est
1035 2609 1223 2674 coniectura
1242 2611 1299 2675 hoc

181 2721 242 2786 sibi
264 2727 389 2807 poetam
413 2722 617 2807 proposuisse
641 2726 678 2786 ut
701 2719 875 2805 Canidiam,
900 2741 997 2806 quam
1021 2722 1161 2807 puellam
1182 2723 1299 2788 frustra

182 2841 327 2919 amasset,
349 2836 488 2901 vetulam
513 2838 576 2900 iam
600 2835 714 2900 factam
739 2840 903 2920 tamquam
928 2855 1053 2920 magam
1073 2841 1105 2900 et
1124 2837 1297 2903 veneficam

181 2949 344 3016 derideret.
378 2949 438 3015 Sed
475 2970 541 3035 qua
575 2954 675 3014 aetate
707 2968 781 3034 ergo
811 2953 905 3033 potita
936 2954 1002 3014 erat
1033 2970 1134 3035 quum
1158 2954 1298 3035 primum

180 3083 249 3130 eam
273 3083 380 3129 amare
403 3064 531 3148 coepit?
556 3063 608 3127 Ad
627 3063 758 3128 eandem
782 3060 945 3126 Canidiam
967 3064 1105 3147 scriptus
1119 3063 1237 3150 estEp.
1252 3065 1299 3149 li,

180 3198 244 3263 quo
279 3198 314 3243 se
347 3177 541 3262 palinodiam
575 3195 688 3241 canere
719 3175 849 3241 simulat
878 3180 909 3240 et
940 3177 1061 3240 victum
1086 3176 1162 3242 dare
1185 3197 1300 3243 manus

178 3294 249 3358 eius
283 3293 442 3357 scientiae.
475 3290 537 3356 Sed
564 3296 595 3356 et
619 3289 695 3355 alibi
719 3308 844 3376 semper
867 3309 982 3375 maga
1004 3290 1186 3376 appellatur
1210 3292 1299 3359 Oani-

179 3406 240 3489 dia,
263 3407 357 3471 etiam
383 3404 436 3470 ubi
461 3405 587 3470 nullum
611 3409 660 3469 est
682 3405 848 3470 deridendi
867 3405 1035 3471 iocandive
1054 3407 1244 3488 consilium3
1266 3410 1299 3473 in

178 3540 232 3586 ore
255 3522 355 3606 igitur
376 3519 438 3585 ruit
461 3518 647 3604 aequalibus
671 3518 820 3584 omnibus
845 3524 993 3603 artesque
1013 3520 1197 3607 eiusvulgo
1210 3527 1297 3588 erant

178 3640 280 3699 notae.
303 3634 377 3699 Non
401 3653 477 3719 ergo
500 3633 582 3698 illud
606 3653 717 3719 magae
739 3652 855 3699 nomen
878 3633 975 3700 finxit
995 3634 1162 3721 Horatius,
1184 3657 1296 3705 nonoo
1319 3685 1321 3690 -

178 3748 317 3813 convitio
349 3747 486 3833 puellam
519 3748 595 3813 olim
618 3748 763 3813 dilectam
789 3749 985 3832 perstrinxit,
1009 3748 1065 3813 sed
1089 3750 1177 3833 quod
1201 3771 1294 3836 supra

178 3863 217 3929 de
240 3864 350 3948 epodis
374 3862 614 3928 maledictorum
638 3862 740 3947 plenis
765 3862 832 3927 dixi
856 3863 941 3927 idem
965 3866 996 3928 et
1019 3863 1059 3928 de
1070 3863 1200 3930 duobus
1211 3865 1294 3930 hisce

178 3977 277 4042 valet:
307 3982 407 4043 semet
437 3979 544 4063 ipsum
568 3978 602 4041 in
625 3976 835 4041 Archilocheo
858 3995 975 4061 genere
999 3995 1149 4045 exercere
1173 3978 1293 4046 volebat

176 4090 348 4172 Horatius3
384 4112 465 4176 opus
497 4111 571 4177 ergo
602 4097 669 4157 erat
700 4096 896 4176 argumento,
927 4096 958 4156 et
986 4092 1073 4176 quod
1097 4094 1236 4177 primum
1259 4112 1290 4159 aa

177 4204 292 4271 obtulit
316 4224 353 4270 eo
377 4226 457 4271 usus
481 4211 537 4272 est.
