2954 5130
769 475 810 538 58

232 662 382 747 Augusto
412 660 579 727 scribens?
603 661 772 727 Eiusmodi
794 661 950 727 vocabulo
975 662 1003 726 si
1027 664 1180 744 uteretur,
1197 660 1264 728 iere
1286 662 1347 729 hoo

233 775 367 840 diceret:
406 794 521 859 „quam
557 774 647 840 doleo
679 775 764 859 quod
787 775 961 861 Pompeius
983 779 1053 840 tum
1075 794 1142 839 non
1164 776 1266 860 magis
1287 776 1351 841 fuit

232 895 355 972 cautus,
379 890 526 975 diligens,
548 894 718 955 strenuus:
743 891 909 955 victoriam
933 890 1018 955 enim
1038 889 1077 954 de
1098 887 1231 954 Caesare
1242 908 1349 974 repor-

232 1009 301 1071 tare
322 1003 508 1088 potuisset’'.
535 1005 588 1068 An
611 1008 736 1088 poetam
761 984 899 1069 breviter
921 1002 1003 1068 illud
1026 1002 1146 1068 bellum
1170 1003 1349 1068 describen-

232 1124 297 1183 tem
320 1116 408 1182 istud
431 1115 560 1182 decebat
584 1115 802 1181 vocabulum?
825 1115 935 1181 Minus
955 1117 1059 1197 stiam,
1070 1119 1107 1180 ut
1119 1117 1240 1201 opinor,
1252 1136 1348 1200 quam

232 1230 435 1296 historicum:
471 1229 523 1293 hic
553 1230 638 1294 enim
672 1248 709 1294 eo
732 1233 875 1295 utentem
898 1228 1002 1294 iacere
1023 1233 1146 1314 poterat
1168 1230 1350 1315 aliqueme

233 1344 377 1429 Pompeii
398 1341 550 1427 partibus.
576 1341 639 1408 Sed
662 1343 748 1427 quod
770 1362 835 1408 non
856 1341 986 1409 decebat
1004 1348 1110 1408 teman
1131 1342 1236 1408 dicere
1247 1347 1349 1410 metro

234 1457 414 1543 cogebatur.

277 1570 333 1637 Vs
354 1573 383 1637 5.
403 1572 526 1637 Arma
548 1571 730 1637 nondum
752 1572 941 1655 expiatis
965 1576 1092 1636 uncta
1114 1571 1351 1639 cruoribus.

234 1684 401 1771 Languida
434 1690 466 1751 at
499 1687 596 1751 nimis
631 1684 765 1751 verbosa
798 1685 928 1750 locutio.
959 1683 1140 1750 Dicendum
1170 1685 1237 1751 fere
1266 1690 1349 1752 arat:

235 1819 345 1865 arma
371 1801 494 1866 etiam
517 1798 710 1865 fraterno
734 1800 943 1884 sanguine
965 1799 1145 1883 madida,
1167 1799 1218 1866 rel
1241 1821 1352 1867 arma

235 1913 416 1978 nondum
441 1914 622 1998 expiata
647 1912 684 1977 Id
707 1913 814 1997 posuit
837 1917 930 1997 poeta
953 1912 1039 1997 quod
1062 1913 1193 1998 plenum
1212 1912 1352 1981 efficeret

236 2046 364 2093 versum
388 2027 564 2092 Alcaicum.

278 2139 335 2205 Vs.
359 2140 388 2205 6.
423 2139 704 2206 Periculosae
738 2139 905 2223 plenum
941 2159 1043 2224 opus
1076 2139 1201 2205 aleae.
1235 2139 1350 2208 Nonne

235 2255 285 2319 his
319 2254 426 2320 verbis
459 2256 566 2339 ipsum
602 2253 721 2318 bellum
753 2253 847 2319 civile
877 2252 1098 2338 significatur?
1121 2254 1189 2318 Vix
1212 2255 1351 2321 dubitari

235 2372 355 2453 potest;
387 2368 443 2434 sed
475 2370 503 2434 si
526 2368 570 2433 ita
593 2374 649 2451 est,
672 2369 767 2433 etiam
796 2368 919 2453 ignes
943 2369 1189 2452 suppositos
1212 2370 1352 2435 cineri

237 2481 386 2548 doloso
410 2482 450 2546 ad
474 2482 558 2547 idem
578 2481 699 2547 bellum
719 2487 767 2548 est
784 2481 994 2547 referendum.
1014 2480 1133 2546 Parum
1145 2487 1227 2566 apta
1237 2482 1352 2567 hercle,

236 2596 359 2681 imago!
394 2595 442 2661 Ea
475 2597 561 2661 enim
595 2594 685 2660 nulla
714 2595 776 2662 alia
808 2615 860 2661 res
893 2595 1029 2660 indicari
1050 2600 1155 2680 potest
1178 2616 1274 2681 quam
1298 2596 1353 2661 illa

238 2729 321 2794 quae
352 2710 456 2794 primo
492 2714 621 2794 aspectu
655 2714 724 2774 tuta
758 2708 887 2775 videtur
916 2714 1013 2794 atque
1044 2710 1202 2775 eiusmodi
1224 2714 1261 2775 ut
1284 2711 1353 2776 sina

237 2823 305 2888 ullo
338 2822 480 2909 periculo
513 2825 602 2908 tangi
633 2825 825 2908 tractarique
854 2824 963 2908 possit,
985 2842 1095 2889 revera
1119 2828 1225 2889 autem
1248 2826 1354 2908 perni-

240 2940 321 3003 ciem
343 2937 433 3003 affert
453 2941 646 3022 pestemque.
670 2936 712 3001 Et
733 2943 784 3002 est
804 2937 890 3002 haud
915 2935 1012 3002 dubie
1036 2938 1180 3002 omnium
1193 2937 1352 3003 malorum

240 3070 337 3116 causa
366 3049 486 3115 bellum
516 3048 619 3135 civile,
643 3049 698 3115 sed
722 3051 858 3133 cuinam,
882 3050 1022 3133 obsecro,
1046 3051 1228 3115 mortalium
1251 3052 1353 3117 videri

237 3185 382 3251 unquam
406 3165 512 3250 potuit
532 3184 613 3229 non
635 3164 838 3250 periculosa?
861 3166 914 3228 An
938 3184 1012 3250 ergo
1031 3165 1092 3229 hoc
1111 3166 1181 3230 vult
1198 3166 1353 3231 Horatius

238 3279 336 3364 (quod
371 3279 523 3363 suspicati
558 3283 635 3344 sunt
672 3279 832 3363 nonnulli)
869 3280 931 3363 ipsi
964 3278 1103 3344 Pollioni
1136 3278 1353 3363 periculosum

240 3393 422 3460 esseillius
445 3390 519 3458 belli
542 3392 704 3457 historiam
729 3391 882 3472 scribere;
908 3393 1103 3458 exstinctum
1127 3394 1213 3458 enim
1232 3392 1352 3458 ballum

239 3507 340 3573 videri
374 3509 475 3592 magis
506 3526 602 3591 quam
634 3525 720 3587 esse;
745 3506 951 3572 metuendum
973 3526 1044 3572 esse
1065 3526 1139 3592 ergo
1163 3527 1203 3572 ne
1225 3506 1354 3572 flamma

238 3622 308 3686 eius
341 3620 514 3706 aliquando
548 3621 582 3684 in
615 3621 777 3705 scriptoris
812 3621 946 3686 exitium
976 3621 1147 3706 erumpat?
1176 3619 1295 3705 Lepida
1317 3641 1354 3687 ea

239 3739 323 3801 esset
340 3737 498 3801 sententia
521 3739 552 3800 et
573 3739 708 3801 venuste
731 3736 903 3800 enuntiata.
927 3734 1003 3800 Sine
1025 3736 1164 3820 imagine
1188 3735 1272 3800 enim
1293 3735 1354 3801 hoo

241 3847 358 3914 diceret
390 3846 562 3914 Horatius:
590 3847 792 3930 „Periculum
816 3853 872 3932 est,
895 3850 941 3913 mi
963 3847 1074 3931 Pollio,
1097 3868 1139 3913 ne
1160 3848 1355 3932 imprudenti

239 3961 299 4026 tibi
331 3962 453 4047 aliquid
483 3962 610 4028 excidat
631 3963 716 4047 quod
738 3963 818 4027 iram
841 3963 1070 4027 nonnullorum
1095 3982 1222 4028 movere
1244 3964 1353 4047 possit

239 4073 366 4139 Virunt
387 4077 472 4140 anim
495 4076 590 4141 multi
614 4078 671 4160 qui
695 4075 778 4141 bello
801 4075 889 4140 cirili
908 4076 1132 4159 interfuerunt,
1152 4077 1233 4140 vivit
1256 4077 1352 4141 etiam

240 4188 276 4253 in
311 4189 539 4254 nonnullorum
569 4191 685 4255 animis
706 4190 834 4275 pristini
857 4191 922 4256 odii
946 4190 1082 4275 aliquid:
1107 4209 1172 4255 non
1195 4190 1273 4256 adeo
1296 4210 1352 4257 ex·
