2954 5130
725 520 790 584 129

193 724 292 789 quam
315 705 441 771 diversa
464 709 512 771 est
534 705 574 771 ab
597 706 686 771 inani
708 707 763 770 illo
782 705 955 771 verborum
975 707 1110 791 strepitu
1133 727 1197 792 quo
1218 706 1311 774 Cani·

193 817 280 883 diam
303 819 486 904 aggreditur
508 817 670 886 Horatius.
693 819 810 885 Veram
831 821 920 905 iram,
941 838 1052 885 verum
1067 820 1186 907 edium,
1198 841 1312 889 verum

145 926 148 931 ’
193 937 411 1017 contemptum
436 934 575 1019 quisque
597 933 755 1019 Propertii
779 935 877 1020 spirat
901 952 1024 1019 versus,
1045 935 1101 1000 sed
1112 954 1188 1020 prae
1199 938 1311 1004 ceteris

193 1046 301 1111 ultimi
324 1047 378 1130 (75
402 1056 501 1134 sqq.):

326 1211 374 1278 Sit
395 1213 543 1280 tumulus
565 1213 659 1279 lenae
681 1217 772 1279 curto
794 1220 890 1280 retus
912 1214 1066 1299 amphora
1089 1214 1188 1280 colle:

370 1327 491 1412 Urgeat
512 1327 600 1392 hunc
623 1346 721 1412 supra
743 1328 802 1411 vis,
825 1327 980 1413 caprifico,
1002 1332 1066 1393 tua

326 1439 481 1526 Quisquis
504 1461 601 1525 amas,
624 1439 745 1506 scabris
767 1441 828 1505 hec
848 1439 980 1506 bustum
1003 1439 1125 1506 caedito
1145 1441 1241 1526 saxis,

367 1553 535 1641 Mixtaque
567 1574 642 1620 cum
666 1556 755 1620 saxis
778 1554 885 1619 addite
907 1553 1006 1620 rerba
1027 1554 1120 1619 mala

234 1728 309 1794 Non
343 1734 449 1795 tamen
482 1729 535 1794 hic
564 1728 723 1814 Propertii
753 1733 796 1795 et.
815 1727 971 1811 Cynthiae
995 1730 1112 1794 amoris
1134 1727 1226 1795 finis:
1252 1731 1309 1814 qui

188 1863 265 1909 vere
289 1863 434 1928 unquam
457 1844 577 1909 amavit
598 1847 751 1928 perpetuo
775 1842 881 1908 odisse
899 1862 964 1907 non
983 1845 1095 1928 potest.
1117 1841 1308 1920 Quaeeedat

189 1963 221 2024 et
244 1960 406 2043 componit
429 1960 536 2023 emnia
559 1977 645 2023 mers
665 1960 759 2023 etiam
778 1959 902 2024 tristem
916 1959 1045 2043 odiique
1057 1959 1184 2042 plenam
1196 1963 1307 2044 poetae

187 2078 326 2138 mentem
358 2073 503 2158 placarit
530 2072 656 2139 Mortua
678 2076 764 2139 enim
787 2075 817 2139 ei
840 2073 978 2157 Cynthia
1000 2093 1018 2139 e
1042 2075 1211 2160 sepulchro
1235 2094 1307 2140 sur·

187 2188 318 2271 rexisse,
341 2206 440 2272 seque
462 2205 519 2273 per
540 2207 689 2253 somnum
714 2188 830 2255 adiisse
848 2188 992 2254 ridetur:
1014 2188 1103 2254 audit
1123 2207 1194 2255 eam
1207 2192 1307 2254 semet

185 2301 290 2386 ipsam
314 2301 545 2387 defendentem,
568 2302 794 2388 graviemmum
818 2301 967 2388 perfidiae
987 2303 1107 2368 crimen
1127 2322 1306 2368 aseremo-

186 2421 333 2498 ventem3
369 2416 425 2481 sod
460 2416 538 2501 quid
568 2421 673 2482 cetera
702 2417 901 2502 persequor?
932 2415 1022 2494 Quae
1044 2418 1129 2482 onim
1153 2417 1240 2482 iliius
1264 2418 1306 2483 sit

185 2532 337 2596 carminis
372 2531 423 2615 (V,
455 2531 486 2614 7)
518 2532 711 2617 praestantia
739 2551 834 2597 nemo
864 2552 1008 2619 unquam
1032 2533 1109 2598 satis
1133 2532 1228 2618 digne
1251 2532 1304 2598 de-

184 2645 384 2711 monstrabit.

228 2869 349 2936 Multos
383 2889 459 2956 ergo
492 2890 690 2956 magnosque
730 2870 855 2937 dolores
887 2869 1043 2953 Cynthiae
1073 2891 1163 2937 amor
1192 2876 1302 2956 potitae

183 2985 290 3051 affert:
315 2990 394 3071 quot
416 3004 492 3050 vero
516 2990 548 3051 et
573 2989 693 3070 quanta
713 2985 847 3070 gaudia!
873 2982 975 3061 Quam
1000 2985 1136 3070 egregiis
1155 2985 1213 3049 illa
1231 3004 1303 3050 vcr-

182 3100 273 3167 sibus
307 3100 526 3166 celebrantur!
561 3099 686 3166 Paucos
721 3100 865 3165 afferam:
898 3100 945 3165 sic
975 3099 1106 3164 ebrevi
1128 3103 1301 3183 conspectu

183 3220 325 3301 quantus
348 3216 402 3280 ille
422 3214 520 3279 fuerit
539 3213 654 3279 artifex
673 3214 823 3298 cognosci
842 3215 964 3298 poterit.
977 3211 1042 3278 Suo
1055 3214 1142 3278 enim
1154 3212 1300 3297 exemplo

181 3329 274 3394 docet
307 3330 341 3392 in
371 3329 439 3392 rita
468 3328 633 3392 hominum
658 3312 711 3392 sic
743 3327 827 3392 inter
850 3346 885 3392 se
910 3328 1027 3392 mixtas
1051 3346 1121 3392 esse
1143 3327 1300 3392 secundas

180 3443 398 3528 adversasque
421 3459 472 3507 res
495 3445 532 3506 ut
554 3441 624 3506 sine
645 3440 696 3506 his
718 3440 794 3506 illae
817 3458 887 3506 esse
909 3459 975 3504 non
997 3441 1128 3525 possint
1152 3439 1252 3524 Bona,
1272 3442 1300 3505 si

179 3577 349 3642 nunquam
378 3555 470 3621 matis
499 3555 818 3639 interrumperemus,
849 3556 878 3620 si
908 3556 1061 3621 continua
1082 3573 1194 3621 eorum
1216 3560 1301 3621 esset

180 3672 289 3757 series,
323 3672 380 3736 vix
410 3672 614 3737 sentirentur.
638 3669 769 3736 Nullam
791 3689 859 3735 rem
882 3689 941 3735 suo
963 3671 1063 3755 pretio
1086 3671 1299 3754 aestimamus,

179 3787 244 3853 nisi
275 3785 332 3850 ubi
363 3804 433 3850 eam
462 3785 649 3867 amisimus3
673 3790 889 3870 recuperatam
916 3784 1047 3849 demum
1069 3803 1144 3850 vere
1167 3789 1298 3869 totoque

178 3907 306 3988 pectore
329 3921 491 3983 amamus;
516 3903 563 3966 sic
587 3919 669 3987 quae
692 3901 792 3966 semol
816 3901 962 3966 tristitiae
985 3920 1083 3966 causa
1104 3900 1165 3965 fuit
1187 3905 1298 3985 postea

178 4022 319 4083 mentem
343 4017 454 4101 implet
476 4015 604 4102 gaudio.

223 4130 323 4217 Saepe
346 4131 386 4195 de
408 4130 533 4216 puellae
555 4148 633 4195 suae
654 4129 783 4194 levitate
807 4129 952 4213 queritur
975 4132 1075 4212 potita,
1095 4147 1189 4213 saepe
1207 4127 1295 4193 iilam

176 4248 320 4334 graviter
341 4246 371 4312 ei
393 4245 574 4331 exprobrat.
598 4243 661 4310 Sed
684 4262 761 4329 pace
784 4245 958 4329 composita
980 4244 1014 4308 in
1037 4244 1119 4308 hanc
1142 4261 1296 4327 eampec·

1178 4352 1196 4406 9
