2954 5130
779 492 821 555 94

282 673 356 759 Gur,
390 695 518 760 quaeso.
548 677 602 740 An
632 683 760 761 propter
789 679 919 742 nomina
941 679 1070 743 illorum
1094 681 1159 763 qui,
1181 684 1353 764 antequam

236 787 276 851 ad
310 788 385 852 deos
420 790 645 873 reciperentur,
675 791 825 855 interris
850 792 1032 855 mortalium
1055 793 1156 857 instar
1178 795 1354 858 vixerunt?

235 900 280 964 At
303 901 331 965 si
352 903 490 986 speciem
511 900 705 967 Horatianae
727 905 914 969 imitationis
937 912 1099 989 tamquam
1124 925 1221 990 grave
1233 908 1354 972 crimen

236 1015 337 1079 vitare
367 1015 522 1081 voluisset
553 1015 693 1101 Curtius,
722 1022 828 1081 tamen
853 1037 917 1082 non
940 1023 1063 1103 poterat
1087 1019 1165 1084 alios
1188 1021 1354 1086 nominare

236 1148 342 1214 neque
363 1131 490 1195 eosdem
518 1131 580 1195 8118
603 1133 741 1196 nomine.
764 1133 817 1195 An
842 1133 928 1216 quod
951 1152 1009 1218 pro
1033 1132 1181 1198 Castor
1205 1141 1243 1200 et
1266 1135 1353 1200 Pol-

235 1242 309 1306 lux
332 1243 411 1308 ulter
434 1243 529 1310 habet
551 1264 640 1309 cum
662 1244 838 1310 Polluce
862 1244 1027 1329 Castor,
1052 1248 1131 1311 alter
1153 1267 1241 1312 cum
1265 1247 1354 1314 Oas-

235 1359 327 1421 tore
367 1355 547 1422 Pollux?
587 1356 670 1422 Nam
705 1378 788 1442 qnae
821 1359 906 1443 apud
942 1358 1088 1424 Curtium
1123 1380 1200 1425 mox
1234 1361 1264 1443 (ξ
1301 1362 1353 1441 11)

236 1476 436 1554 sequuntur:

364 1631 396 1696 N
397 1651 415 1698 e
433 1631 605 1697 Herculem
626 1633 754 1717 quidem
774 1637 806 1698 et
826 1633 952 1698 Patrem
964 1633 1116 1699 Liberum
1129 1636 1218 1720 prius
1232 1636 1351 1700 dicatos

323 1746 399 1810 deos
424 1766 519 1831 quam
543 1747 696 1811 vicissent
718 1764 827 1811 secum
853 1748 1031 1812 viventium
1054 1749 1220 1833 invidiam,

215 1931 216 1935 ’
235 1939 346 1986 eorum
369 1927 593 2007 argumentum
612 1941 746 1988 eversu
765 1923 939 1988 Horatiano
960 1943 1056 2009 quem
1077 1925 1245 1990 citavimus
1256 1925 1352 2009 plane

235 2041 283 2101 est
305 2036 455 2101 alienum.

277 2151 427 2217 Vidimus
450 2170 524 2236 ergo
549 2171 631 2236 qnae
653 2153 823 2237 hucusque
845 2153 1012 2217 attulimus
1038 2154 1080 2226 (et
1104 2159 1180 2218 sunt
1202 2155 1237 2216 ni
1260 2153 1353 2218 fallor

236 2266 343 2331 omnia
374 2284 456 2350 quae
478 2253 602 2331 Hertzii
623 2267 783 2332 industria
804 2266 939 2351 collegit,
964 2287 1079 2331 sanum
1101 2267 1256 2331 iudicium
1281 2287 1352 2353 pro-

234 2379 332 2462 bavit)
367 2402 464 2466 qnam
498 2383 564 2446 sint
598 2401 707 2466 pauca,
745 2402 842 2467 quam
876 2383 1006 2464 incerta,
1038 2402 1134 2466 qnam
1165 2382 1258 2447 levia.
1280 2382 1352 2447 Hoc

233 2516 337 2561 unum
361 2500 484 2561 constat
506 2515 583 2560 suos
607 2495 668 2561 sibi
691 2495 842 2561 babuisse
860 2497 979 2560 amicos
1000 2495 1236 2580 familiaresque
1248 2495 1352 2560 Hora·

233 2610 325 2694 tium,
347 2611 484 2694 illosque
507 2610 667 2674 interdum
691 2611 774 2674 inter
797 2609 912 2694 pocula
936 2611 1006 2674 eius
1028 2608 1176 2673 laudasse
1201 2610 1352 2693 carmina,

234 2725 348 2788 satiras
382 2725 477 2788 etiam
508 2724 641 2808 epistola
671 2722 710 2787 ab
741 2724 890 2807 Augusto
923 2741 993 2788 esse
1014 2722 1170 2806 probatas.
1193 2720 1255 2787 Sed
1278 2723 1352 2805 quis

233 2836 312 2901 haec
330 2856 474 2920 unquam
494 2837 646 2920 negavit?
667 2834 747 2912 Quis
765 2841 927 2921 praeterea
947 2838 1050 2900 nescit
1060 2835 1190 2900 iubente
1201 2836 1351 2919 Augusto

233 2969 360 3015 carmen
383 2949 543 3015 saeculare
567 2951 778 3034 compositum
802 2956 833 3015 et
857 2954 1007 3033 quartum
1030 2949 1148 3013 librum
1172 2950 1351 3015 carminum
1443 2944 1446 2950 ’

234 3063 378 3129 additum
403 3062 443 3127 ab
466 3061 626 3127 Horatio?
650 3062 713 3128 Sed
736 3064 890 3149 principis
910 3063 949 3128 de
968 3068 1034 3128 arte
1053 3064 1175 3147 poetica
1195 3064 1350 3128 iudicium

234 3177 342 3242 nescio
365 3197 404 3240 an
429 3177 516 3240 haud
535 3178 644 3262 magni
664 3177 706 3241 sit
724 3175 915 3241 faciendum.
935 3177 966 3239 A
986 3177 1063 3240 viris
1082 3183 1189 3240 autem
1208 3176 1353 3260 literatis,

235 3290 452 3375 scriptoribus,
475 3292 577 3375 potitis
596 3290 729 3355 Horatio
750 3289 938 3374 aequalibus
951 3289 1184 3375 supparibusve
1195 3290 1352 3374 consulto,

233 3405 302 3469 sive
333 3409 460 3490 propter
489 3404 656 3488 invidiam,
677 3406 744 3470 sive
769 3405 856 3489 quod
881 3423 955 3469 eum
980 3408 1227 3487 contemnerent,
1250 3384 1290 3468 de
1313 3423 1350 3469 eo

233 3517 321 3583 sileri
342 3519 427 3584 haud
450 3517 685 3584 affirmaverim.
708 3518 811 3584 Vetus
834 3519 952 3602 aliquis
975 3521 1110 3603 scriptor
1133 3538 1197 3602 qno
1217 3519 1350 3583 consilio

232 3633 354 3717 aliquid
376 3633 461 3698 dicat
484 3634 559 3698 sciri
581 3637 694 3718 potest,
717 3653 781 3718 qno
805 3632 939 3698 consilio
962 3634 1086 3698 omittat
1109 3633 1231 3717 aliquid
1255 3653 1349 3699 nemo

232 3767 377 3832 unquam
401 3749 525 3813 dixerit
549 3746 628 3812 Mihi
652 3767 726 3831 ergo
750 3749 778 3813 si
800 3766 921 3831 eorum,
944 3766 1027 3832 qnae
1049 3748 1219 3831 hucusque
1238 3748 1349 3833 dispu-

232 3843 306 3945 tavi,
340 3882 466 3927 summa
497 3863 653 3947 quaedam
684 3866 767 3927 esset
791 3860 995 3944 conficienda,
1018 3863 1069 3927 his
1092 3861 1198 3927 verbis
1222 3867 1349 3927 senten-

231 3977 309 4041 tiam
341 3995 445 4041 meam
475 3976 791 4061 comprehenderem:
823 3975 879 4041 Sat
902 3976 958 4040 din
981 3981 1054 4061 post
1077 3980 1211 4041 mortem
1237 3978 1272 4039 18
1296 3995 1351 4042 ore

231 4091 398 4156 hominum
430 4091 595 4157 doctorum
627 4108 696 4156 esse
719 4091 823 4174 coepit
845 4089 1007 4173 Horatius,
1031 4092 1107 4173 sive,
1129 4094 1167 4155 ut
1188 4091 1349 4156 locutione

234 4206 336 4290 magis
357 4206 452 4270 etiam
475 4211 604 4271 nostrae
625 4207 739 4272 aetatis
759 4204 943 4270 hominibus
962 4206 1216 4291 perspicuautar
1230 4225 1350 4292 ,popu-
