2954 5130
713 502 776 565 164

178 687 307 755 desinc’'
330 688 439 754 nullus
461 689 525 752 iam
549 688 628 752 mari
651 688 758 771 ignive
780 686 870 751 locus
889 692 945 751 est.
964 687 1006 752 Et
1027 688 1076 753 vel
1098 690 1144 753 sic
1164 709 1291 774 pones

177 805 221 868 ita
252 803 471 887 accipiendum
494 807 543 866 est
565 808 601 865 ut
623 802 868 885 imperativi
891 803 957 864 vim
980 800 1101 880 habeat,
1126 804 1214 887 quod
1238 804 1292 866 vix

178 915 338 980 credibile.
361 914 395 980 si
418 934 503 998 vero,
527 914 611 998 quod
635 914 712 978 dicit
733 913 910 998 Porphyris
934 915 1072 998 (iniuria,
1092 920 1129 979 ut
1149 915 1290 980 Lucieno

178 1029 295 1095 Miiller
329 1029 466 1110 videtur)
501 1028 609 1092 eadem
640 1027 717 1091 haec
749 1031 797 1091 est
818 1027 925 1111 puella
947 1032 1043 1112 atquc
1064 1028 1232 1113 Tyndaris,
1255 1030 1292 1093 de

178 1144 298 1228 quain
321 1142 468 1225 sequenti
490 1141 629 1205 carmine
653 1141 765 1224 agitur,
785 1158 895 1204 revera
915 1159 1027 1205 versus
1046 1140 1128 1205 fecit.
1150 1140 1292 1224 DeTyn-

178 1257 286 1324 daride
308 1258 393 1322 enim
415 1256 551 1341 legimus
574 1255 627 1336 (18
651 1255 748 1338 sqq.):

708 1413 770 1480 fide
791 1389 866 1481 Teia

442 1528 538 1595 Dices
560 1528 740 1594 laborantes
762 1532 798 1593 in
820 1550 886 1595 unc

486 1644 667 1729 Penelopen
689 1645 888 1728 vitreamque
912 1642 1032 1709 Circen.

222 1820 349 1906 Ergone
371 1822 419 1885 sic
436 1819 569 1884 fortasse
588 1819 690 1903 prima
708 1820 768 1883 erit
786 1818 975 1902 explicanda
987 1820 1133 1904 stropha:
1151 1821 1291 1905 „iambis

179 1953 260 2020 quos
294 1952 351 2019 ego
385 1934 420 1996 in
454 1938 485 1996 te
519 1930 655 1999 scribere
691 1931 786 2014 soleo,
820 1933 866 1996 ita
900 1932 1028 1996 demum
1062 1931 1160 1999 finem
1193 1933 1291 2000 facere

177 2051 304 2134 potoris,
327 2050 354 2114 si
377 2052 433 2113 tua
455 2048 495 2111 ad
517 2047 589 2112 illos
611 2066 771 2131 responsa,
795 2066 877 2131 quae
899 2049 963 2111 iam
987 2048 1128 2113 scribere
1152 2052 1291 2135 coepisti,

177 2164 212 2226 in
247 2181 334 2227 mare
365 2160 415 2226 vel
444 2162 478 2224 in
508 2161 614 2245 ignem
649 2159 868 2225 conieceris''?
891 2159 962 2225 Hoc
985 2161 1095 2226 saltem
1121 2168 1208 2228 recte
1232 2164 1292 2228 dici

177 2282 296 2362 potest:
325 2275 458 2359 „iambis
482 2276 610 2340 modurn
635 2294 753 2360 ponere
775 2274 913 2339 flammis
936 2277 989 2341 vel
1008 2275 1119 2340 mari.''
1140 2276 1203 2344 Sed
1217 2298 1291 2363 quo·

178 2409 306 2474 cunque
340 2394 371 2454 te
406 2389 546 2471 verteris,
577 2407 742 2472 nunquam
773 2386 904 2452 habebis
927 2409 1054 2454 carmen
1079 2392 1174 2456 cuius
1200 2412 1290 2477 argu-

177 2509 321 2569 mentum
344 2523 386 2570 cx
404 2504 473 2586 ipsa
495 2506 605 2587 podtae
628 2503 693 2566 vita
717 2506 881 2586 sumptum
903 2503 1060 2568 videatur.

222 2616 316 2695 Quod
350 2621 456 2681 autem
490 2618 584 2681 toties
618 2617 679 2680 iam
716 2616 785 2680 dixi
816 2617 984 2682 simulasse
1014 2623 1138 2702 poetam
1170 2640 1289 2685 amores

178 2752 254 2797 suos
285 2732 324 2796 de
355 2730 472 2816 quibus
502 2750 615 2796 versus
638 2730 761 2814 faceret,
784 2731 843 2795 hcc
865 2751 903 2796 eo
927 2732 977 2797 vel
1000 2735 1141 2798 maxime
1163 2734 1201 2799 fit
1222 2755 1290 2820 per-

177 2847 325 2930 spicuum
360 2844 446 2929 quod
480 2846 664 2929 saepissime
694 2844 883 2929 puellarum,
915 2866 995 2930 quas
1018 2865 1053 2912 se
1076 2867 1184 2913 amare
1207 2849 1289 2934 dicit,

178 2961 371 3024 mentionem
400 2960 503 3023 iniicit
524 2960 558 3022 in
581 2957 776 3023 carminibus
799 2961 979 3044 argumenti
1002 2960 1229 3027 diversissimi:
1253 2962 1290 3027 dc

178 3074 218 3138 iis
240 3091 314 3158 ergo
344 3072 487 3158 loquitur
511 3091 576 3136 non
600 3077 637 3136 nt
660 3091 752 3137 veros
775 3074 875 3137 animi
898 3080 1064 3158 expromat
1086 3055 1214 3162 sensns,
1236 3076 1290 3142 sed

178 3186 265 3271 quod
288 3204 397 3250 earum
419 3187 549 3249 nomina
572 3189 671 3249 metro
695 3191 773 3250 sunt
796 3186 969 3271 aptissima,
992 3206 1133 3273 ergcque
1143 3188 1290 3255 versibus

177 3300 299 3385 aliquot
321 3300 360 3364 de
382 3299 446 3363 illis
469 3299 695 3363 interserendis
714 3298 806 3363 facile
824 3300 910 3365 iusta
928 3300 1011 3365 effici
1031 3303 1162 3386 stropha
1181 3309 1291 3388 potest

180 3411 264 3494 „Qui
297 3413 425 3478 sceleris
459 3431 561 3496 purus
593 3411 696 3497 virit’
732 3413 776 3476 ait
806 3415 946 3478 carmine
977 3413 1077 3478 nobili
1106 3414 1133 3499 Ι,
1157 3417 1199 3480 22
1226 3417 1291 3500 „illi

177 3529 274 3591 armis
303 3527 440 3612 telisque
471 3546 551 3610 opus
575 3546 641 3590 non
664 3531 728 3607 est3
752 3527 821 3610 ipse
843 3527 904 3593 hcc
928 3548 1001 3593 sum
1025 3535 1188 3615 expertus,
1209 3533 1290 3597 iner-

178 3660 261 3707 mem
285 3644 370 3707 enim
393 3660 443 3707 me
465 3641 548 3727 fugit
569 3641 617 3706 leo
642 3642 856 3707 saevissimus.
880 3642 1013 3708 Factum
1036 3643 1097 3708 hcc
1119 3650 1170 3710 cst
1190 3666 1289 3731 quum

177 3756 211 3819 in
242 3755 324 3820 silva
352 3755 469 3820 Sabina
492 3754 658 3820 ambulans
682 3754 774 3820 solito
795 3755 923 3841 longius
947 3777 966 3821 a
988 3756 1082 3822 domo
1106 3757 1288 3824 aberrabam

178 3873 209 3933 et
231 3888 366 3954 mecum,
388 3870 510 3935 nullius
530 3871 608 3933 mihi
626 3869 760 3953 periculi
772 3871 929 3955 conscius,
940 3870 1079 3956 Lalagen
1092 3873 1288 3939 cantabam.’'

177 3983 341 4050 Hactenus
372 3986 478 4049 omnia
512 3989 595 4049 recte
630 3984 815 4069 procedunt,
849 3985 904 4050 sed
937 4005 977 4050 ne
999 3987 1168 4054 credamus
1192 3989 1287 4054 ullam

178 4118 321 4182 unquam
362 4096 500 4182 Lalagen
536 4100 646 4181 poetae
680 4096 825 4162 dilectam
858 4097 959 4165 fuisse
992 4099 1062 4184 ipse
1097 4100 1202 4167 efficit
1238 4101 1287 4168 Sic

179 4212 263 4276 enim
290 4212 409 4296 pergit:
