2954 5130
712 508 774 571 18⁵

179 697 250 762 sim.
264 696 360 781 Apud
371 700 549 780 utrumque
559 696 782 780 enimpoeum
806 694 983 778 ridetur,
1005 693 1298 779 sedquedeoausa

178 813 211 875 et
242 830 261 874 a
292 828 356 894 quo
386 814 418 874 et
449 828 546 893 quam
570 807 611 873 ob
634 827 701 874 rem
724 808 901 873 videamus
925 807 1079 873 Horatius
1102 807 1297 892 lepidissime

178 929 287 989 namot
310 923 492 1009 Apollinem
518 923 594 987 olim
616 924 651 987 in
674 921 869 988 Mercurium
894 923 1057 988 invectum
1077 924 1172 1008 eique
1182 940 1296 1008 graves

179 1056 250 1104 esse
285 1037 442 1109 minatum
479 1055 607 1121 poenas,
637 1037 701 1101 nisi
729 1035 829 1101 boves
860 1035 1049 1102 reddidisset
1075 1040 1217 1117 amotas;
1240 1035 1296 1102 sed

179 1150 257 1215 dum
288 1150 465 1214 minaretur
491 1151 671 1233 respexisse
693 1149 876 1235 Apollinem
901 1168 999 1234 ecque
1022 1150 1142 1215 interea
1165 1154 1197 1215 et
1219 1148 1295 1234 pha-

177 1268 263 1328 retra
296 1263 466 1349 spoliatum
490 1263 769 1327 animadvertisse:
793 1267 863 1327 tum
887 1262 983 1328 deum
1006 1262 1109 1328 lenem
1135 1267 1167 1328 et
1189 1262 1295 1348 placa·

178 1377 275 1442 bilem
298 1378 331 1441 in
354 1378 457 1441 risum
482 1378 634 1461 erupisse.
653 1375 721 1443 Nec
741 1377 849 1442 minus
869 1377 972 1463 lepide
985 1375 1119 1442 Ovidius
1132 1378 1165 1441 in
1178 1376 1296 1461 templo

179 1490 329 1556 Mercurii
358 1496 549 1559 mercatores
570 1490 697 1556 inducit
719 1491 814 1557 deum
837 1498 1002 1578 precantes
1025 1496 1062 1558 ut
1083 1489 1145 1557 sibi
1167 1490 1293 1556 veniam

159 1606 254 1693 ¹dare
287 1605 366 1670 velit
397 1603 568 1669 furtorum·
581 1623 663 1689 quae
686 1606 903 1670 commiserint
924 1605 976 1670 vel
1000 1606 1094 1670 etiam
1122 1606 1188 1670 sint
1210 1623 1295 1670 oom-

179 1720 326 1799 missuri;
358 1719 519 1802 deumque
550 1718 639 1783 addit
669 1719 826 1784 eiusmodi
857 1738 966 1805 preces
988 1718 1170 1786 audientem
1194 1719 1295 1785 risum

177 1839 286 1898 tenere
309 1852 372 1896 non
400 1851 512 1916 posse:
534 1833 640 1917 ipsum
664 1833 750 1897 enim
773 1850 808 1898 se
830 1832 894 1898 illis
917 1851 981 1897 non
1003 1833 1295 1918 minusesserapa·

179 1965 247 2010 cem
281 1944 380 2030 probe
414 1963 516 2010 nosse.
552 1945 635 2010 Vide
669 1965 756 2010 nunc
788 1945 867 2029 quid
896 1947 980 2010 inter
1010 1965 1113 2012 meam
1139 1947 1293 2012 rationem

177 2060 304 2125 intersit
335 2064 431 2143 etque
460 2059 590 2123 illorum
622 2060 679 2142 qui
709 2060 743 2123 in
767 2059 998 2125 imitationibus
1022 2060 1295 2144 deprehendendis

177 2171 336 2237 vocabula
369 2178 580 2258 aucupantur.
614 2171 666 2236 Illi
701 2178 828 2259 propter
858 2173 1027 2238 ridendi
1058 2172 1191 2239 verbum
1221 2171 1296 2237 Ovi·

179 2286 268 2351 dium
303 2285 430 2351 Horatii
459 2288 599 2351 inventis
622 2307 719 2352 usum
744 2307 813 2353 esse
836 2293 977 2370 censent,
1000 2289 1078 2353 mihi
1102 2287 1183 2352 illud
1205 2306 1295 2374 prae·

179 2401 288 2465 sertim
323 2400 514 2466 documento
546 2406 594 2466 est
617 2403 662 2466 sio
686 2421 760 2467 eum
784 2422 860 2467 suos
884 2402 922 2467 de
947 2401 1104 2468 Mercurio
1129 2403 1293 2487 scripsisse

179 2513 353 2579 versiculos
388 2519 424 2579 ut
458 2515 537 2597 eius,
568 2515 624 2599 qui
655 2520 728 2580 ante
758 2516 842 2581 idem
871 2521 1035 2582 tractasset
1058 2522 1293 2602 argumentum,

178 2648 308 2715 prorsus
327 2629 449 2693 nullam
473 2628 602 2695 haberet
624 2631 788 2694 rationem.

222 2828 403 2894 Sententia:
430 2827 520 2910 „Diis
543 2830 596 2913 pia
620 2828 783 2912 sacrificia,
807 2832 953 2914 quamvis
974 2832 1039 2896 sint
1057 2851 1164 2917 parva,
1182 2832 1295 2917 gretie·

178 2945 260 3008 sima
294 2941 400 3024 sunt”‚
435 2962 531 3027 quam
566 2944 706 3008 carmine
738 2943 798 3027 111,
830 2945 872 3009 23
897 2945 1037 3010 defendit
1059 2944 1222 3029 Horatius,
1246 2943 1295 3011 bie

178 3057 263 3142 apud
296 3055 445 3121 Ovidium
473 3058 645 3122 invenitur.
669 3056 751 3121 Nem
774 3058 866 3123 Pont
889 3058 947 3142 IV,
969 3061 1000 3143 8,
1023 3061 1066 3124 39
1089 3080 1136 3146 sq.
1160 3059 1294 3145 legitur:

309 3194 386 3276 Nec,
410 3214 492 3279 quae
515 3195 554 3259 de
577 3215 676 3279 parva
699 3215 828 3282 pauper·
843 3197 892 3263 dis
916 3197 995 3262 libat
1018 3217 1125 3265 acerra

352 3307 438 3374 Tura
461 3311 569 3374 minus
591 3310 705 3394 grandi
730 3331 827 3395 quam
851 3311 924 3376 data
945 3312 1037 3377 lance
1060 3312 1175 3378 velent

221 3459 260 3523 In
294 3458 398 3524 Fastis
429 3479 504 3524 vero
535 3458 603 3542 (IV,
634 3460 700 3524 409
726 3467 784 3543 sq.)
808 3480 872 3525 non
896 3460 1000 3526 solnm
1024 3461 1134 3527 eedem
1158 3464 1295 3529 recurrit

178 3576 335 3639 sententia
358 3592 471 3638 verum
495 3575 590 3638 etium
613 3574 735 3659 aliquot
758 3574 923 3660 vocabula,
949 3575 1068 3661 quibus
1090 3586 1121 3642 et
1140 3575 1295 3644 Horatius

179 3707 259 3754 usus
281 3692 337 3753 est
360 3686 492 3772 Legitur
515 3689 618 3752 eninr:

310 3825 408 3891 Farra
431 3826 509 3891 deae
531 3828 699 3910 micaeque
720 3826 794 3892 licet
818 3826 961 3893 salientis
985 3829 1137 3894 honorem

354 3940 445 4006 Detis
468 3943 555 4006 etin
580 3949 702 4006 veteres
725 3948 817 4007 turea
837 3961 937 4026 mana
957 3941 1053 4008 iocos.

225 4092 287 4157 Sed
311 4097 343 4157 et
367 4091 551 4177 Lygdamus
574 4091 650 4171 (lib.
673 4091 732 4175 111,
753 4093 784 4175 4,
809 4093 861 4175 10)
884 4091 994 4158 nabe:

354 4231 449 4296 Ferre
470 4233 523 4316 pio
547 4231 676 4317 placant
697 4239 729 4298 et
752 4232 885 4298 saliente
907 4232 983 4298 sale,
