2954 5130
716 491 780 556 144

187 697 261 765 ergo
291 683 376 744 recte
408 683 539 764 possent
567 679 754 764 intelligere,
776 681 870 746 cuius
894 681 1024 746 nomine
1045 680 1234 767 frequenter
1255 682 1307 748 ab·

186 797 353 860 uterentur
385 794 442 879 qui
475 793 559 858 docti
593 793 695 858 rideri
728 793 856 860 vellent
885 794 1001 861 Nonne
1031 814 1069 862 ea
1098 797 1134 861 in
1157 794 1304 864 Lucretio

186 911 277 971 erant
310 908 426 990 omnia,
458 925 566 972 nonne
596 907 783 992 Angusteae
813 910 924 974 aetatis
953 911 1055 994 poetis
1086 929 1222 978 senex
1253 913 1306 979 ille

185 1019 376 1086 ridebatur?
397 1020 517 1086 Nullus
539 1025 641 1106 potita,
662 1026 700 1089 ut
723 1023 845 1107 opinor,
869 1025 1044 1109 excogitari
1067 1029 1194 1110 poterat
1213 1027 1304 1093 ouius

184 1134 237 1198 hic
270 1138 335 1200 tam
369 1139 442 1220 apta
467 1138 597 1220 tamque
628 1140 764 1201 venuste
786 1135 877 1202 fieret
899 1138 1035 1219 mentio,
1060 1139 1305 1226 periculumque

184 1253 252 1315 erat
273 1268 315 1314 ne
338 1249 495 1315 Graecum
514 1250 709 1315 nominando
729 1249 885 1317 obscurus
904 1251 995 1318 fieret
1006 1251 1204 1338 Propertius
1215 1255 1305 1321 Adde

183 1363 270 1448 qnod
294 1368 325 1429 et
348 1365 462 1430 ceteris
486 1363 635 1430 omnibus
658 1367 802 1449 priorum
825 1366 1026 1432 saeculorum
1049 1368 1130 1433 viris
1153 1367 1256 1434 doctis
1275 1374 1305 1436 et

183 1475 428 1542 Hemsterhnsio
462 1476 658 1543 admirabilis
692 1483 725 1543 et
753 1480 922 1545 verissima
951 1481 1022 1546 visa
1044 1486 1093 1546 ost
1115 1482 1304 1570 emendatio,

184 1594 217 1657 et
248 1611 307 1657 cnr
338 1591 478 1676 Epicuro
511 1590 625 1657 Latino
659 1612 740 1658 suus
773 1593 826 1658 hio
858 1593 949 1660 locus
981 1595 1023 1660 sit
1057 1614 1099 1661 ex
1132 1597 1303 1664 utilissima

184 1724 339 1791 cognosce
362 1704 543 1771 Burmanni
566 1708 777 1773 annotatione.

228 1821 271 1886 Et
295 1823 448 1907 quoniam
468 1821 568 1887 semel
589 1823 624 1886 in
647 1841 683 1887 re
703 1841 812 1888 versor
830 1823 950 1906 critica,
961 1822 1000 1889 de
1011 1826 1218 1908 paucissimis
1228 1826 1304 1894 locis

184 1954 272 2001 meas
294 1936 491 2020 suspiciones
514 1935 691 2001 doctiorum
715 1937 895 2020 permittam
919 1936 1047 2001 iudicio.

226 2049 306 2135 1,s,
330 2051 357 2114 9.
389 2048 545 2133 Cynthiae
576 2052 637 2116 iter
667 2050 864 2116 maritimum
888 2050 1030 2117 facturae
1052 2056 1084 2116 et
1104 2052 1167 2118 alia
1188 2055 1301 2140 impra-

182 2167 274 2228 catur
297 2168 328 2229 et
350 2163 466 2229 baeer

315 2337 342 2404 0
364 2339 489 2405 utinam
511 2337 662 2404 hibernae
684 2338 890 2423 duplicentur
911 2343 1055 2424 tempora
1078 2339 1223 2427 brumae,

357 2453 401 2519 Et
422 2455 465 2519 sit
485 2454 572 2519 iners
594 2452 694 2518 tardis
716 2455 825 2518 navita
846 2452 993 2539 Virgiliis

312 2568 381 2634 Nec
403 2567 462 2633 tibi
482 2565 625 2650 Tyrrena
646 2567 790 2632 solvatur
810 2567 899 2633 funis
920 2587 1025 2652 arena,

357 2682 446 2748 Neve
467 2682 599 2746 inimica
621 2700 708 2746 meas
731 2681 833 2747 elevet
855 2701 934 2747 aura
956 2701 1076 2767 preces,

312 2796 420 2882 Atque
443 2814 502 2881 ego
525 2814 591 2860 non
614 2794 741 2860 videam
763 2795 843 2861 tales
867 2794 1033 2861 subsidere
1058 2800 1172 2861 ventos

356 2908 438 2975 Cum
461 2909 519 2975 tibi
542 2913 706 2994 provectas
729 2908 852 2975 auferet
875 2909 962 2975 unda
985 2914 1078 2994 rates,

311 3025 354 3090 ut
377 3044 427 3091 me
451 3024 594 3090 defixum
617 3044 719 3089 vacua
740 3025 879 3109 patiatur
902 3026 936 3089 in
961 3044 1016 3089 ora

357 3138 525 3205 Crudelem
547 3137 662 3205 infesta
684 3158 779 3224 saepe
800 3158 914 3205 vocare
936 3159 1044 3204 mann.

223 3315 326 3384 Sonsu
356 3337 446 3383 cassa
476 3336 514 3382 ea
542 3335 613 3382 esse
643 3335 737 3382 nemo
759 3337 826 3382 non
848 3316 952 3398 videt,
977 3317 1071 3382 multi
1095 3337 1170 3404 ergo
1196 3318 1294 3384 multa

178 3437 348 3499 tentarunt.
383 3432 557 3497 Nonnullis
592 3436 701 3497 autem
735 3451 890 3498 ramnum
925 3431 1047 3517 placuit
1087 3432 1166 3498 haec
1195 3437 1295 3498 trans·

179 3549 310 3635 positio:

308 3711 351 3777 ut
373 3729 424 3777 mo
448 3709 591 3776 defixum
614 3729 717 3775 vacua
739 3710 879 3794 patiatur
902 3710 936 3774 in
962 3729 1018 3775 ora

352 3825 519 3892 Crudelem
542 3825 659 3891 infesta
682 3844 775 3910 saepe
799 3844 913 3891 vocare
937 3845 1046 3910 mann,
1122 3908 1126 3913 .

308 3941 417 4027 Atque
440 3961 498 4027 ego
521 3960 586 4006 non
611 3938 737 4004 videam
759 3939 839 4005 tales
863 3937 1029 4004 subsidere
1047 3941 1162 4005 ventos

353 4054 435 4121 Cum
456 4054 516 4121 tibi
538 4058 702 4141 provectas
724 4051 846 4118 auferet
870 4052 957 4117 unda
984 4056 1078 4137 rates,

179 4252 244 4318 qua
276 4231 355 4317 quid
385 4231 549 4296 lucremur
577 4247 642 4294 non
673 4228 775 4314 video,
797 4227 897 4294 nihilo
921 4228 1006 4294 enim
1031 4227 1140 4294 minus
1163 4227 1288 4295 obscuri
