2954 5130
702 519 766 583 130

181 724 252 771 oare
282 711 403 790 partem
434 705 556 770 mavult
587 725 682 789 quam
707 707 741 770 in
764 706 905 771 alteram.
930 704 1019 782 Quae
1043 709 1129 772 enim
1154 712 1250 774 antea
1272 712 1301 775 ei

181 822 251 886 visa
283 822 363 886 levis
399 821 448 903 sit,
479 839 567 884 nuno
598 819 700 884 facilis
730 820 864 885 videtur.
894 819 992 886 Nune
1021 822 1109 887 viros
1139 840 1181 888 no
1205 824 1301 890 nimia

181 937 246 1001 sint
268 936 372 1001 severi
396 934 582 1018 obtestatur,
608 933 724 1018 „nam”
747 937 792 1000 ait
814 933 886 1019 (III,
910 936 963 1021 30,
986 936 1028 1000 47
1052 936 1128 1021 sq.):

319 1107 403 1193 „Qui
428 1111 553 1195 quaerit
575 1107 681 1174 Latias
704 1113 828 1174 veteres
852 1110 1014 1194 durasque
1036 1109 1182 1196 Sabinas,

356 1221 420 1287 Hie
443 1224 553 1308 posuit
577 1227 686 1288 nostra
709 1242 813 1308 nuper
835 1225 870 1287 in
893 1223 972 1288 urbe
994 1223 1137 1309 pedem.’'

224 1410 320 1476 Nunc
353 1411 406 1476 sui
437 1411 588 1495 temporis
619 1410 730 1475 laudat
751 1429 856 1476 mores
880 1410 1028 1477 versibus
1052 1431 1143 1496 quos,
1166 1415 1245 1497 quia
1266 1413 1300 1478 in

180 1523 372 1588 editionibus
406 1543 472 1588 non
506 1529 591 1589 reote
628 1524 880 1609 distinguuntur,
916 1524 968 1589 hio
999 1544 1157 1609 apponam
1188 1527 1234 1592 ita
1264 1533 1300 1592 nt

178 1638 259 1702 mihi
279 1638 405 1723 legendi
428 1638 579 1703 videntur
602 1637 671 1722 (111,
696 1639 747 1722 30,
771 1641 813 1702 43
838 1642 936 1724 sqq.):

314 1810 340 1877 0
364 1813 502 1877 nimium
525 1815 634 1876 nostro
657 1810 782 1877 felicem
805 1817 947 1897 temporo
968 1811 1121 1879 Romam!

356 1925 391 1992 Si
414 1931 524 1991 oonlra
546 1944 650 1991 mores
672 1945 739 1990 una
761 1927 868 2010 puella
889 1926 975 2012 facit,

311 2041 400 2109 Haeo
423 2043 532 2108 eadem
557 2046 631 2106 ante
652 2041 740 2106 illam
764 2041 897 2126 impune
920 2046 951 2107 et
973 2040 1088 2108 Lesbia
1109 2042 1185 2109 feeit

357 2155 447 2233 Quae
472 2157 627 2241 sequitur,
651 2159 766 2221 nemost
787 2156 948 2221 invidiosa
970 2157 1089 2222 minus.

179 2345 267 2430 (Post
298 2344 476 2411 seeundum
507 2344 592 2408 enim
615 2363 744 2409 versum
766 2344 827 2408 hoo
850 2349 1032 2429 exspectas:
1059 2345 1188 2427 „statim
1212 2345 1297 2411 adest

179 2460 240 2525 alia
264 2478 346 2545 quae
369 2478 437 2524 eam
458 2456 631 2541 imitetur'',
654 2457 709 2522 sed
731 2458 928 2523 ioeosissime
949 2455 1032 2540 παρὰ
1055 2457 1227 2539 προσδοκίαν
1252 2461 1296 2526 aio

178 2579 271 2660 po'e'ta
293 2575 412 2659 pergit:
439 2573 647 2657 „iamdudum
671 2573 733 2637 alia
755 2572 866 2637 eodem
889 2573 982 2637 modo
1002 2572 1187 2658 peccavit').

223 2687 326 2765 Quam
357 2692 440 2752 esset
469 2683 633 2766 ζολοτύοοος
656 2684 794 2768 Cynthia
817 2687 911 2752 modo
933 2688 1093 2768 vidimus3
1118 2692 1151 2752 at
1175 2681 1217 2754 ex
1238 2689 1297 2754 hoo

179 2821 309 2889 quoque
342 2802 420 2866 vitio
455 2805 575 2886 quanta
604 2805 714 2884 potitae
745 2801 888 2865 nascitur
911 2800 1046 2865 laetitia!
1071 2799 1189 2866 Secum
1213 2803 1297 2868 enim

178 2936 252 2984 eum
286 2918 410 3001 retinet,
446 2920 478 2980 et
509 2915 619 2980 amieis
649 2915 746 2998 longa
777 2914 987 2980 suadentibus
1009 2915 1125 2980 itinera
1147 2915 1201 2980 hio
1224 2934 1297 2981 oum

177 3032 318 3118 legitima
352 3030 559 3096 excusatione
594 3030 681 3095 domi
712 3030 806 3095 etin
839 3029 1044 3095 dilectissima
1067 3029 1147 3096 urbe
1171 3049 1297 3097 manere

178 3152 289 3233 potest.
326 3144 441 3229 „Non”
475 3145 519 3210 ait
556 3163 633 3230 „ego
667 3163 755 3211 mare
789 3148 897 3211 metuo
932 3147 1211 3231 tempestatesque,
1242 3145 1297 3212 sed

179 3260 215 3346 (Ι,
238 3261 267 3345 6,
292 3262 310 3324 5
334 3260 432 3345 sqq.):

310 3447 373 3514 Sed
396 3466 447 3512 me
470 3445 654 3530 complexae
676 3448 878 3511 remorantur
900 3443 998 3509 verba
1020 3444 1158 3529 puellae,

354 3561 542 3645 Mutaloque
564 3577 677 3645 graves
700 3577 795 3644 saepe
818 3559 923 3623 eolore
945 3577 1065 3643 preses.

309 3675 369 3741 llla
391 3675 470 3740 mihi
493 3675 568 3739 totis
591 3677 717 3759 argutat
740 3672 889 3738 noctibus
911 3673 1004 3758 ignes

352 3788 395 3853 Et
418 3789 564 3874 queritur
586 3786 693 3852 nullos
716 3804 786 3852 esse
809 3787 920 3852 relicta
943 3786 1029 3871 deos,

310 3901 370 3966 llla
392 3920 495 3967 meam
518 3900 597 3964 mihi
618 3901 682 3964 iam
706 3918 741 3964 so
765 3899 908 3984 denegat,
931 3898 986 3963 illa
1009 3899 1162 3986 minatur,

356 4013 444 4092 Quae
467 4015 547 4080 solet
568 4015 693 4099 ingrato
716 4015 817 4079 tristis
841 4014 943 4078 amioa
964 4013 1043 4077 viro.

309 4128 371 4194 His
394 4148 452 4214 ego
474 4148 540 4193 non
563 4128 674 4193 horam
697 4147 829 4212 possum
854 4127 969 4193 durare
991 4127 1150 4211 querelis:

354 4244 385 4307 A
407 4247 524 4328 pereat,
546 4243 649 4328 siquis
671 4242 778 4308 lentus
801 4261 907 4308 amare
933 4241 1055 4327 potasti
