2954 5130
717 476 758 541 56

180 666 504 735 demonstrandi
533 669 565 731 et
598 664 777 731 docendi
812 663 918 729 verbis
952 668 1026 728 utor
1059 667 1223 748 tamqnam
1257 662 1296 728 de

177 800 212 847 re
245 787 339 863 certa,
372 799 438 844 non
473 779 512 844 de
546 779 615 844 eius
650 776 886 862 suspicionibus
918 779 974 861 qui
1006 776 1045 841 ab
1069 777 1140 842 aliis
1164 775 1295 841 meliora

179 895 284 960 doceri
319 895 434 978 cupiat.
469 891 582 977 Neque
613 899 719 957 tamen
750 892 949 976 suspiciones
978 891 1052 955 illae
1082 910 1186 975 nuper
1217 891 1295 955 mihi

178 1014 271 1073 natae
303 1013 396 1087 sunt3
431 1006 486 1070 diu
518 1006 722 1088 multumque
748 1023 801 1070 eas
825 1023 951 1070 mecum
976 1006 1143 1090 pensitari,
1167 1005 1294 1070 tandem

179 1123 350 1209 aliquando
380 1128 452 1206 post
481 1122 665 1205 saepissime
696 1121 861 1205 repetitam
884 1119 1010 1184 Horatii
1032 1120 1200 1185 lectionem
1224 1139 1295 1204 pro-

178 1238 260 1303 ferre
282 1239 316 1300 in
339 1236 479 1301 medium
503 1234 613 1299 audeo.
635 1233 696 1299 Sed
716 1233 756 1298 ad
775 1235 971 1319 propositum
992 1233 1294 1299 esttranseundum.

223 1351 265 1432 Π,
298 1353 325 1414 l.
360 1349 518 1433 Scriptum
551 1368 621 1414 esse
652 1349 711 1413 hoc
742 1367 880 1430 carmen,
903 1350 931 1413 si
953 1349 1017 1413 iam
1042 1355 1115 1434 post
1137 1349 1296 1433 proelium

179 1465 358 1546 Actiacum,
381 1470 465 1529 certe
488 1462 573 1527 hand
598 1463 699 1527 multo
718 1468 835 1547 postea,
853 1464 924 1528 iure
943 1464 1006 1526 viri
1025 1463 1109 1527 docti
1127 1463 1188 1527 hoc
1206 1481 1296 1548 prae-

55 1616 57 1620 ⁴
180 1578 287 1643 sertim
310 1577 529 1641 demonstrant
548 1582 748 1662 argumento,
762 1576 849 1661 quod
860 1577 894 1640 in
907 1595 944 1641 eo
957 1581 1070 1661 agatur
1086 1576 1125 1641 de
1140 1576 1296 1659 „fraterno

180 1692 337 1776 sanguine
371 1689 514 1754 nondum
549 1688 708 1774 expiato'’‚
742 1689 861 1775 quibus
895 1689 1001 1755 verbis
1031 1689 1186 1756 Horatius
1216 1711 1296 1757 usus
1363 1720 1365 1730 ·

180 1824 246 1869 non
269 1809 353 1870 esset
375 1805 403 1868 si
425 1805 488 1868 iam
512 1803 710 1888 aliquamdiu
732 1806 820 1889 pacis
840 1803 1048 1888 defensorem,
1069 1806 1186 1889 quietis
1206 1824 1297 1871 secu·

180 1918 347 2002 citatisque
370 1922 506 1982 tutorem
527 1936 561 1982 se
577 1918 785 2001 praestitisset
804 1917 982 2003 Augustus.
995 1916 1209 1983 Referendum
1222 1938 1296 2004 ergo

181 2049 308 2097 carmen
331 2031 371 2095 ad
394 2051 515 2096 annum
540 2031 579 2094 31
604 2031 656 2096 vel
679 2031 731 2113 30,
753 2033 773 2094 i.
786 2050 811 2096 e.
833 2031 986 2116 pleraque
1009 2032 1191 2109 aliaaetate
1209 2033 1297 2099 haud

181 2165 294 2230 parum
318 2145 481 2209 antecedit.
506 2143 636 2208 Nemini
659 2163 733 2228 ergo
756 2144 943 2210 incredibile
967 2145 1067 2210 videri
1089 2150 1194 2230 potest
1211 2147 1247 2210 in
1260 2166 1296 2212 eo

182 2257 283 2323 multa
305 2258 496 2342 deprehendi
519 2258 637 2322 indicia
661 2277 678 2323 e
703 2257 821 2342 quibus
844 2265 992 2343 appareat
1015 2261 1116 2343 prima
1131 2259 1199 2325 fere
1210 2280 1298 2326 nunc

181 2373 216 2435 in
250 2371 309 2435 hac
340 2376 407 2436 arte
435 2371 577 2455 pericula
606 2370 720 2436 fecisse
742 2376 876 2455 poetam,
898 2372 1064 2457 multaque
1087 2374 1115 2438 ei
1139 2374 1298 2440 excidisse

184 2503 266 2569 quae
291 2488 347 2549 aut
368 2504 482 2569 parum
506 2488 614 2548 essent
635 2488 716 2568 apta,
739 2490 795 2549 aut
818 2484 964 2570 obscura,
984 2490 1040 2550 aut
1060 2486 1164 2550 dubia.
1176 2486 1297 2553 Recen-

182 2617 310 2664 seamns
334 2599 469 2682 singula.

227 2710 404 2776 Pollionem
426 2718 548 2796 partem
574 2712 734 2797 quandam
752 2713 901 2779 historiae
919 2713 1082 2780 Romanae
1102 2717 1297 2800 scripturum

185 2827 231 2889 sic
254 2825 430 2908 alloquitur
451 2824 623 2890 Horatius:

403 3011 526 3077 Motum
551 3031 592 3078 ex
615 3011 742 3079 Metello
767 3014 899 3080 consule
923 3015 1061 3079 civicum

403 3125 551 3211 Bellique
574 3146 686 3192 causas
709 3132 740 3193 et
762 3129 839 3193 vitia
861 3135 893 3195 et
914 3129 1026 3195 modos

446 3239 639 3326 Ludnmque
661 3241 821 3308 Fortunae
843 3245 1015 3329 gravisque

491 3352 676 3439 Principum
701 3356 856 3420 amicitias
879 3361 910 3421 et
934 3377 1021 3423 arma

403 3539 555 3605 Nondum
578 3542 714 3626 expiatis
737 3548 834 3607 uncta
857 3544 1034 3628 cruoribus,

404 3655 605 3721 Periculosae
627 3657 760 3741 plenum
784 3677 864 3742 opus
889 3659 976 3723 aleae

446 3771 574 3836 Tractas
597 3777 628 3836 et
649 3771 771 3836 incedis
794 3791 850 3856 per
872 3774 963 3856 ignes

491 3883 677 3969 Suppositos
701 3887 799 3950 cineri
823 3885 942 3951 doloso.

228 4069 287 4135 Ex
309 4069 481 4136 Metello
505 4072 688 4138 consule.
710 4072 894 4138 Admodum
919 4074 971 4137 hic
993 4075 1027 4137 in
1051 4081 1192 4160 tempore
1213 4078 1297 4142 indi-

185 4183 285 4250 cando
319 4184 432 4250 infelix
464 4183 527 4250 fuit
554 4190 654 4269 poeta
685 4183 810 4262 Quotus
834 4188 918 4251 enim
944 4188 1081 4271 quisque
1105 4206 1147 4253 ex
1170 4188 1298 4255 Horatii
