2954 5130
765 508 828 573 106

234 712 342 760 ramae
373 695 430 757 vix
453 694 618 759 sentimus.
641 690 698 756 Sin
722 695 829 758 autem
852 693 886 756 in
910 711 1023 758 versus
1046 693 1218 759 incidimus
1243 695 1354 781 quales

236 807 271 871 hi
294 813 372 872 sunt
394 807 571 892 Propertii:

370 1032 491 1115 Gaude,
515 1029 635 1114 Crasse,
659 986 731 1095 tuas
755 1030 860 1115 siquid
884 1031 970 1113 sapis
993 1031 1076 1095 inter
1098 1049 1229 1095 arenas:

415 1145 467 1210 Ire
489 1164 547 1230 per
570 1143 756 1230 Euphraten
774 1144 820 1208 'ad
843 1149 901 1208 tua
924 1143 1017 1209 busta
1042 1144 1125 1228 licet,

235 1389 305 1454 nos,
339 1388 399 1434 nos
432 1369 575 1454 inquam,
609 1368 665 1452 qui
695 1371 743 1432 tot
773 1368 910 1433 saeculis
939 1372 1013 1452 post
1043 1368 1192 1452 vivimus,
1214 1369 1356 1452 graviter

237 1501 485 1550 commovemur.

280 1596 447 1662 Praeterea
490 1615 586 1680 quam
619 1614 806 1681 perversum
840 1600 897 1678 est,
931 1615 1032 1680 quum
1068 1600 1212 1661 veterum
1249 1601 1357 1664 vetere

235 1712 348 1798 lingua
378 1712 513 1795 scriptos
544 1709 642 1775 libros
664 1709 810 1794 legimus,
830 1714 958 1794 propter
980 1710 1103 1795 aliquot
1125 1710 1357 1776 vocabulorum

237 1844 430 1891 consensum
465 1826 571 1889 statim
608 1824 818 1888 imitationem
852 1823 985 1887 odorari.
1020 1823 1087 1908 Ipsi
1121 1824 1169 1888 illi
1200 1825 1257 1909 qui
1288 1826 1357 1890 suis

238 1938 373 2022 civibus,
396 1939 465 2003 suia
488 1936 678 2022 aequalibus
698 1936 852 2020 scribunt,
871 1938 900 2001 si
919 1936 958 2001 de
977 1936 1136 2002 industria
1154 1956 1249 2003 voces
1262 1958 1358 2023 quas·

238 2054 311 2119 dam
342 2052 381 2118 ab
405 2053 475 2118 aliis
499 2056 642 2136 sumunt,
666 2057 807 2116 metuere
831 2051 997 2116 solentne
1021 2052 1154 2117 lecturas
1177 2051 1259 2117 illud
1282 2072 1358 2117 oon-

238 2167 346 2233 silium
379 2186 445 2232 non
475 2170 666 2251 agnoscant3
698 2167 878 2249 operarium
909 2184 984 2251 ergo
1007 2165 1080 2230 illas
1103 2167 1195 2251 signo
1218 2166 1359 2251 quodam

238 2286 349 2346 notua
370 2280 491 2346 iubent
515 2279 578 2346 Sed
600 2298 694 2364 saepe
716 2284 824 2344 tamen
845 2280 891 2344 ita
912 2298 1082 2363 peccamus
1105 2280 1274 2365 philologi:
1301 2282 1359 2366 qui
1385 2350 1389 2357 ,

238 2396 325 2461 enim
358 2395 467 2479 pueris
498 2393 650 2458 docendis
680 2393 801 2458 victum
826 2411 1027 2476 quaeramus,
1050 2393 1138 2458 haud
1159 2393 1251 2459 facile
1274 2395 1359 2459 ludi·

238 2486 427 2594 magistrum
457 2509 619 2572 exuimus.
649 2506 750 2590 Saepe
773 2506 947 2591 discipulos
969 2512 1095 2572 nostros
1118 2509 1166 2573 sic
1183 2509 1359 2595 interroga·
1383 2534 1385 2539 ¹

239 2642 328 2688 mus:
357 2620 510 2704 „Nostine
532 2626 565 2685 et
587 2620 687 2685 alium
710 2620 826 2704 locum,
846 2620 903 2685 ubi
922 2621 1114 2686 vocabulum
1134 2622 1173 2687 dc
1192 2641 1359 2707 quonunc

239 2756 314 2802 cum
348 2737 489 2801 maxime
522 2737 648 2820 agimus
681 2735 902 2820 reperiatur?”
938 2735 973 2801 Si
1009 2737 1185 2822 discipulus
1209 2742 1258 2804 ast
1276 2757 1359 2823 puer

240 2849 486 2916 humanioribus
510 2850 624 2915 studiis
647 2854 743 2914 natus
766 2851 877 2915 recitat
895 2851 1098 2935 versiculum,
1115 2855 1150 2916 et
1160 2852 1359 2937 gaudemus;

239 2966 320 3048 iure,
353 2963 434 3028 nihil
463 2966 549 3028 enim
574 2964 770 3030 discemibus
793 2969 842 3030 est
863 2965 977 3030 utilius
1000 2985 1098 3050 quam
1120 2985 1235 3032 versus
1260 2987 1359 3052 quam

239 3079 396 3165 plurimos
419 3079 572 3143 memoria
594 3083 710 3144 tenere.
733 3077 790 3143 Sin
813 3084 921 3171 autem
940 3078 1028 3144 illius
1047 3080 1180 3146 rationis
1200 3081 1360 3147 calmini-

137 3226 143 3239 ·
239 3213 325 3259 mam
347 3197 467 3277 partem
491 3193 526 3255 in
549 3191 787 3257 lucubrationes
810 3197 936 3258 nostras
955 3193 1162 3278 philologicos
1181 3195 1360 3262 introduci-

241 3327 324 3390 mus,
354 3303 541 3370 κειτουκείτου
569 3305 658 3370 illius
681 3305 802 3371 similes
825 3325 947 3390 sumus,
970 3325 1076 3391 neque
1098 3328 1243 3392 unquam
1266 3310 1361 3395 quid-

241 3441 338 3506 quam
370 3419 508 3486 scribere
537 3421 712 3504 poterimus
742 3420 829 3505 quod
861 3420 979 3485 adultis
1002 3420 1168 3506 doctisque
1190 3425 1309 3506 pariter
1328 3430 1361 3490 ct

241 3535 322 3601 utile
356 3535 398 3600 sit
428 3540 461 3598 et
490 3534 576 3599 lectu
604 3534 792 3599 iucundum.
814 3533 897 3600 Nam
921 3539 991 3599 tmn
1015 3534 1144 3602 demum
1166 3538 1238 3602 iure
1261 3541 1361 3604 conii-

240 3650 345 3714 cimus
368 3653 492 3734 pcbtam
516 3648 615 3713 alium
639 3654 712 3713 ante
736 3648 845 3713 oculos
867 3648 1018 3714 habuisse
1041 3654 1176 3735 poetam,
1201 3672 1304 3737 quum
1325 3654 1361 3718 id

243 3763 330 3848 quod
352 3762 428 3828 dicit
450 3767 578 3847 propter
600 3763 844 3828 sententiaa
867 3782 933 3827 non
956 3770 1022 3828 tam
1045 3783 1238 3831 consensum
1262 3787 1362 3852 quam

241 3876 457 3942 diversitatem
480 3877 588 3941 statim
606 3876 699 3941 nobis
719 3878 753 3940 in
772 3881 912 3941 mentem
932 3876 1362 3961 aliuspoetacvooatlooum

242 3991 391 4077 aliquem.
424 3988 649 4057 Diversitabam
684 3992 751 4070 aio;
787 4011 861 4055 nam
892 3990 1117 4058 difficillimum
1148 3995 1288 4079 profecto
1311 4003 1362 4066 ast

241 4110 379 4171 statuere
413 4110 521 4171 utrum
555 4110 647 4190 polita
682 4105 813 4190 aliquod
843 4105 964 4171 dictum
994 4126 1039 4172 ex
1074 4108 1179 4175 aliano
1202 4111 1237 4174 in
1260 4131 1359 4179 suum

241 4219 439 4285 transtulerit
473 4237 602 4284 carmen
634 4237 753 4300 ncone3
789 4218 845 4284 aad
877 4217 970 4284 facile
1004 4222 1209 4306 agncsdnrus
1232 4229 1361 4310 poetam
