2954 5130
711 519 773 582 113

177 730 249 777 esse
271 709 410 774 obnoxia
431 707 623 773 dubitationi
646 705 809 786 concedit;
833 705 958 789 reliqua
981 705 1088 769 omnia
1108 705 1155 769 ita
1167 704 1294 770 afferam

178 830 216 890 ut
245 825 347 908 ipsius
379 820 536 906 Zingerlei
566 819 680 884 addam
712 817 808 884 verba
830 818 994 902 quaedam,
1017 837 1035 882 e
1059 817 1177 902 quibus
1199 839 1295 905 appa·

178 943 247 1004 reat
270 941 426 1021 quantum
447 937 517 1019 ipso
537 934 643 998 iudice
661 932 798 1018 singulis
818 933 860 996 sit
871 931 1078 997 tribuendum
1089 935 1294 1018 argumentis.

223 1051 369 1116 Primum
400 1067 474 1134 ergo
502 1047 686 1132 Zingerleus
710 1046 788 1110 dicit
810 1046 890 1111 duas
909 1048 1093 1130 praesertim
1106 1047 1295 1112 odasHora·

179 1167 284 1231 tianae
316 1163 430 1227 Ouidio
453 1163 486 1226 in
512 1161 633 1225 deliciis
655 1159 764 1242 fuisse,
788 1160 924 1243 illasque
946 1179 1020 1225 eum
1040 1162 1084 1224 ita
1106 1163 1140 1224 in
1164 1180 1295 1227 succum

181 1284 213 1344 et
243 1279 431 1362 sanguinem
464 1276 598 1340 vertisse
629 1279 665 1338 ut
689 1274 913 1338 diversissimis
935 1274 1013 1339 locis
1036 1275 1297 1361 temporibusque

182 1411 224 1457 ex
246 1391 310 1455 illis
334 1390 445 1454 afferre
467 1387 588 1472 aliquid
610 1391 735 1451 tantum
759 1405 824 1451 non
844 1392 1017 1471 cogeretur.
1029 1386 1209 1453 Probabilis
1221 1408 1297 1454 sane

182 1506 290 1590 opinio
310 1508 394 1568 esset
405 1503 433 1567 si
445 1502 526 1566 duae
537 1499 610 1564 illae
622 1500 701 1564 odae
712 1500 825 1564 ceteris
838 1499 986 1565 omnibus
998 1501 1092 1585 longe
1103 1507 1299 1585 praestarent

183 1621 252 1685 sive
286 1619 515 1684 sententiarum
547 1615 669 1679 lumine
705 1613 942 1697 verborumque
972 1617 1127 1699 acumine,
1158 1617 1299 1681 utillud

185 1735 307 1817 „donec
329 1736 438 1816 gratus
462 1749 548 1795 eram
571 1727 660 1811 tibi'',
683 1729 751 1792 sive
774 1729 866 1792 metri
889 1731 1079 1794 amoenitate
1102 1735 1134 1794 et
1156 1730 1298 1814 artificio,

182 1853 221 1912 ut
243 1866 371 1911 carmen
387 1841 654 1927 „miserarumst”.
666 1840 698 1905 N
699 1862 762 1906 unc
774 1861 849 1906 vero
861 1842 959 1907 altera
971 1862 1091 1926 earum,
1104 1864 1298 1929 quamquam

183 1963 308 2046 aliquot
337 1963 407 2024 eius
439 1960 515 2022 vitia
544 1959 578 2021 in
610 1957 777 2040 propatulo
800 1962 885 2039 sunt
907 1963 1013 2022 tamen
1037 1962 1085 2022 est
1107 1959 1185 2022 satis
1209 1958 1299 2036 bona,

183 2077 283 2140 altera
317 2078 423 2138 autem
457 2072 602 2157 pessima.
639 2067 740 2145 Quam
775 2071 860 2135 enim
895 2069 1031 2134 absurda
1055 2076 1161 2136 essent
1182 2071 1236 2135 illa
1260 2071 1299 2135 ab

182 2189 319 2253 Horatio
341 2185 499 2250 Mercurio
523 2185 596 2248 data
615 2183 763 2248 mandata
782 2182 851 2266 (III,
866 2183 926 2265 11),
947 2202 1108 2267 quamque
1120 2185 1299 2249 vehementi

185 2322 266 2388 opus
290 2304 374 2366 esset
397 2299 554 2364 medicina
576 2303 612 2362 ut
635 2316 677 2362 ex
699 2297 764 2361 illis
782 2295 946 2361 tolerabile
964 2295 1054 2361 fieret
1065 2317 1192 2362 carmen
1204 2316 1301 2383 supra

184 2415 335 2480 vidimus.
358 2411 454 2476 Nunc
476 2412 546 2494 hec,
570 2412 720 2495 quoniam
743 2429 794 2474 res
813 2411 858 2474 ita
876 2409 945 2492 fert,
964 2409 1034 2473 dico
1047 2410 1218 2474 admodum
1231 2429 1301 2475 esse

184 2531 340 2594 incertam
370 2545 438 2591 rem
468 2530 577 2590 utrum
600 2525 686 2610 prior
708 2522 861 2588 Horatius
886 2524 966 2587 illud
990 2525 1151 2610 scripserit
1174 2544 1302 2589 carmen

186 2663 228 2707 an
264 2640 399 2705 Ovidius
433 2659 524 2704 suam
557 2636 827 2721 Hypermnestrae
861 2637 901 2700 ad
931 2635 1094 2719 Lynceum
1127 2639 1300 2722 epistolam.

186 2755 280 2820 Hane
299 2755 385 2819 enim
405 2753 527 2837 quidni,
547 2753 575 2816 si
594 2770 659 2816 non
670 2753 705 2815 in
716 2751 820 2816 lucem
833 2753 985 2834 emittere,
996 2757 1102 2816 tamen
1114 2754 1179 2817 iam
1190 2755 1301 2818 amicis

141 2874 144 2879 ’
186 2872 320 2936 recitare
341 2869 480 2955 potuerit
502 2865 637 2932 Ovidius
661 2869 718 2930 1111
739 2868 854 2951 viginti
877 2887 978 2932 annos
1000 2873 1096 2933 natus
1118 2888 1182 2933 non
1200 2870 1303 2954 video,

186 2988 218 3051 et
248 2983 497 3068 prudentissime
519 2981 596 3045 mihi
621 2979 655 3044 ll.
678 2979 897 3046 Onrschmann
919 2983 953 3045 in
977 2981 1110 3047 Bebriki
1132 2983 1205 3048 libri
1229 3003 1301 3049 cen-

188 3119 265 3164 sura
288 3098 366 3161 haec
389 3101 528 3160 statuere
550 3095 694 3159 videtur:

237 3209 316 3294 „Die
349 3209 449 3294 Frage
482 3209 522 3273 ob
553 3208 629 3272 Hor.
660 3208 719 3291 111,
748 3208 786 3271 ll
819 3210 896 3274 oder
919 3208 1029 3276 Ovid’s
1051 3210 1304 3296 Hypermnestra

189 3327 247 3390 das
280 3325 408 3388 friihere
444 3322 578 3387 Gedicht
601 3324 655 3405 sei,
679 3322 746 3387 und
769 3322 809 3387 ob
832 3323 938 3387 Horaz
963 3324 1025 3389 den
1049 3324 1131 3389 Ovid
1155 3325 1305 3391 benutzte

190 3440 352 3524 iibergehe
373 3439 434 3520 ich,
457 3438 497 3503 da
518 3438 587 3502 ihre
610 3436 741 3520 Ldsung
764 3438 853 3501 nicht
875 3437 1053 3502 erreichbar
1076 3436 1227 3504 soheint'’

237 3553 282 3618 cf.
314 3558 474 3639 praeterea
509 3553 549 3616 de
584 3550 690 3615 Ovidii
725 3551 858 3634 epistola
886 3550 1009 3616 Lehrsii
1039 3552 1303 3636 disputationem:

191 3687 290 3752 quam
312 3668 458 3730 intricata
480 3666 523 3730 sit
547 3665 692 3749 quaestio
716 3664 848 3730 videbis.

238 3779 301 3845 Sed
335 3779 375 3844 de
407 3780 467 3843 hoc
501 3777 629 3862 quidem
661 3779 801 3842 carmine
832 3797 908 3841 mox
938 3777 1127 3863 videbimus,
1154 3799 1243 3844 nunc
1266 3782 1307 3845 ad

192 3896 329 3961 alterum
352 3898 560 3958 transeamus.
579 3891 727 3957 Affirmat
747 3911 821 3976 ergo
842 3891 1028 3976 Zingerleus
1040 3893 1166 3958 Horatii
1177 3913 1305 3959 carmen

191 4009 249 4092 IV,
283 4011 302 4072 3
332 4007 409 4072 adeo
441 4005 555 4071 Ovidio
586 4006 743 4072 fuissein
768 4007 889 4071 deliciis
913 4011 1031 4072 ettam
1053 4007 1186 4073 firmiter
1208 4011 1308 4074 menti

194 4124 264 4188 eius
287 4122 462 4186 inhaesisse
486 4125 521 4184 ut
544 4121 716 4185 identidem
741 4121 934 4185 mentionem
954 4122 1024 4186 eius
1043 4141 1108 4186 non
1128 4121 1307 4187 1006161011

194 4240 311 4322 posset
334 4234 397 4300 Hic
416 4240 524 4300 tamen
542 4254 671 4300 carmen
688 4234 901 4300 Horatianum
912 4236 1075 4321 habemus,
1088 4238 1116 4301 si
1127 4256 1193 4302 non
1204 4256 1308 4302 unum
