2954 5130
774 511 818 573 64

236 699 347 782 coepit
380 697 430 763 Ita
461 702 546 763 certe
575 697 710 763 Horatio
740 698 857 780 visum,
879 699 945 782 qui,
966 676 1028 762 hoc
1049 698 1191 762 carmine
1213 702 1357 783 excepto,

238 811 278 875 de
308 810 450 876 Caesaris
481 810 691 896 Pompeiique
712 810 797 876 bello
821 815 925 875 tacere
947 810 1037 892 solet,
1059 810 1099 875 de
1121 810 1250 894 proeliis
1271 811 1355 875 inter

237 921 448 989 Octavianum
471 930 504 989 et
526 924 707 989 Antonium
731 925 867 1008 eiusque
889 926 994 989 socios
1013 929 1178 1008 tamquam
1197 924 1355 989 decausis

237 1037 460 1102 acerbissimae
482 1036 680 1102 crudelitatis
702 1037 869 1122 permultis
888 1037 967 1102 locis
991 1038 1137 1121 queritur
1155 1036 1204 1118 (ct
1220 1055 1246 1102 a
1258 1036 1356 1122 cEp.

241 1151 280 1214 16
305 1153 443 1236 scriptus
466 1172 492 1214 a
515 1152 569 1233 41,
591 1157 623 1216 et
647 1151 677 1235 7,
701 1153 839 1236 scriptus
862 1173 889 1215 a
910 1154 972 1232 33).
992 1151 1159 1217 Praeterea
1169 1151 1356 1236 notandum,

237 1270 275 1329 ut
297 1285 394 1350 supra
415 1265 651 1350 Iugurthae
673 1284 730 1350 pro
751 1264 1018 1351 Carthagini,
1037 1267 1082 1330 ita
1094 1265 1146 1329 hic
1167 1263 1355 1330 Dauniae

235 1398 293 1463 pro
316 1378 524 1444 Romanae
545 1380 638 1443 metri
660 1398 759 1444 causa
781 1398 851 1444 esse
874 1382 1022 1464 positum.

281 1492 393 1578 Inepto
415 1495 556 1558 carmine
578 1493 766 1578 dignissima
788 1497 836 1558 est
861 1494 976 1559 ultima
999 1493 1128 1578 stropha

459 1654 521 1720 Sed
544 1675 585 1720 ne
607 1654 735 1738 relictis,
758 1654 854 1720 Musa
874 1676 1002 1741 procax,
1024 1658 1104 1722 iocis

460 1767 540 1834 Oeae
561 1775 711 1834 retractes
735 1787 869 1834 munera
891 1771 1034 1854 naeniae,

504 1880 632 1946 Mecum
655 1879 798 1947 Dionaeo
822 1881 883 1946 sub
910 1888 1002 1947 antro

549 1992 673 2072 Quaere
696 1996 808 2061 modos
829 1996 949 2062 leviore
970 1997 1098 2081 plectro.

282 2170 465 2237 Relictis
488 2172 604 2236 iocis.
629 2168 738 2248 Quid?
760 2190 940 2255 usquamne
959 2171 1122 2255 professus
1142 2170 1354 2237 estHoratius

137 2339 140 2343 .
238 2303 273 2350 se
295 2286 342 2350 nil
364 2288 559 2369 scripturum
583 2285 670 2370 quod
701 2304 767 2349 non
789 2287 889 2350 iocosi
911 2290 995 2350 esset
1013 2285 1164 2369 generis?
1183 2283 1219 2349 Si
1229 2284 1355 2350 fecisset

238 2404 344 2463 tamen
379 2418 444 2463 non
475 2398 538 2463 dici
560 2403 668 2482 posset
689 2398 750 2463 hoc
771 2400 912 2463 carmine
935 2397 1102 2463 scribendo
1126 2399 1280 2483 propositi
1303 2398 1355 2462 sui

238 2512 339 2578 fnisse
360 2515 534 2577 immemor.
557 2511 632 2577 Non
655 2513 739 2577 enim
764 2511 935 2577 admodum
955 2514 1046 2576 triste
1065 2513 1118 2578 vel
1136 2511 1274 2597 lugubre
1285 2513 1354 2577 eius

237 2635 287 2692 est
308 2631 543 2712 argumentum.
573 2625 655 2691 Nam
680 2627 727 2690 sic
748 2625 814 2690 fere
837 2626 984 2709 loquitur
1004 2630 1117 2710 potita:
1144 2615 1219 2709 ,Tm
1241 2624 1355 2707 Pollio,

240 2740 385 2806 debello
408 2741 496 2804 civili
518 2740 635 2805 librum
661 2741 838 2824 scripturus
862 2759 913 2821 es3
939 2739 1088 2824 difficilis,
1110 2740 1224 2823 hercle,
1246 2737 1355 2804 labor!

241 2852 327 2929 Quot
355 2855 440 2918 enim
466 2852 524 2918 tibi
545 2854 664 2939 proeHa
686 2859 784 2918 erunt
806 2853 974 2937 narranda,
997 2859 1136 2938 quantae
1159 2853 1355 2919 crudelitatis

239 2968 383 3033 facienda
406 2969 542 3032 mentio!
566 2966 649 3051 Heu,
668 2968 730 3052 ipsi
752 2968 838 3032 cives
861 2969 985 3031 mutuis
1008 2968 1193 3032 cociderunt
1213 2967 1356 3032 vulneri-

240 3079 331 3146 bus.”
356 3078 445 3158 Quae
467 3087 635 3147 causaest
658 3100 716 3146 cur
738 3100 827 3145 nunc
849 3081 889 3145 ad
908 3082 1116 3165 semetipsum
1137 3100 1172 3146 se
1191 3084 1356 3146 convertat

239 3194 395 3260 Horatius
419 3215 517 3280 seque
539 3196 725 3260 adhortetur
746 3201 783 3261 ut
801 3197 893 3261 trista
911 3195 998 3260 istud
1018 3200 1245 3280 argumentum
1258 3215 1354 3279 quam

240 3311 378 3395 primum
415 3310 562 3375 omittat?
597 3309 668 3375 Hoc
701 3309 767 3375 fere
797 3329 871 3375 enm
906 3311 1047 3376 voluisse
1081 3312 1242 3396 suspicor:
1281 3308 1357 3394 ,Tn,

241 3423 354 3507 Pollio,
376 3424 416 3490 de
438 3424 596 3489 horrendo
619 3423 675 3489 illo
698 3423 780 3489 bello
804 3425 892 3488 civili
916 3425 1095 3508 scripturus
1118 3442 1169 3504 es3
1194 3441 1295 3507 egone
1319 3427 1357 3488 ut

241 3557 385 3622 unquam
418 3537 575 3603 eiusmodi
608 3542 736 3621 tangam
769 3537 949 3602 materiam!
980 3536 1076 3600 Absit
1099 3554 1200 3601 omen.
1223 3534 1358 3602 leviora

240 3653 318 3717 mihi
352 3653 493 3716 carmina
526 3652 653 3737 placent
687 3650 727 3717 de
761 3669 876 3734 amore,
911 3652 997 3734 vino,
1031 3651 1141 3734 epulis.
1176 3649 1246 3715 libi
1277 3650 1358 3718 bene

242 3766 398 3850 succedat,
427 3785 547 3852 precor,
578 3766 665 3850 quod
694 3765 858 3848 inchoasti,
889 3784 947 3849 ego
970 3770 1076 3828 tecum
1101 3765 1140 3830 de
1162 3765 1268 3849 palma
1291 3785 1359 3830 oer-

242 3885 308 3945 tare
330 3900 394 3944 nou
418 3880 590 3959 conabor”,
613 3880 669 3945 sed
693 3884 794 3945 metro
818 3884 961 3943 coactum
987 3896 1085 3961 prave
1107 3879 1141 3943 id
1163 3881 1362 3946 enuntiasse.-

241 3991 333 4076 Nam,
367 3999 404 4059 ut
438 3995 584 4078 strophae
619 3995 808 4058 sententiam
842 3992 1004 4076 paulisper
1035 3993 1228 4075 omittamus,
1260 4013 1358 4076 quam

241 4107 343 4172 multa
371 4107 466 4173 habet
495 4109 655 4173 inculcata
677 4107 793 4171 inania
816 4105 910 4171 Musa
934 4124 1061 4190 procax.
1085 4103 1151 4169 Gur
1173 4107 1357 4190 procax?

242 4221 296 4286 An
330 4222 416 4306 quod
446 4221 572 4288 Horatii
599 4221 694 4288 Musa
723 4240 840 4310 procax
864 4238 960 4288 ease
983 4219 1118 4285 solet?
1144 4217 1247 4303 ,Quia
1269 4222 1359 4287 nunc'
