2954 5130
740 502 802 568 103

209 691 280 770 tur,
312 688 369 754 sed
393 690 545 774 quoniam
568 708 675 774 neque
698 688 861 754 Hannibal
882 707 988 773 neque
1012 691 1184 774 quisquam
1207 687 1289 752 alius
1313 705 1331 752 e

208 799 524 887 Carthaginiensibus
547 803 594 866 illi
617 822 675 887 par
698 821 755 887 per
777 802 976 886 triumphum
995 802 1112 868 duotus
1132 807 1190 888 est,
1203 801 1329 866 nullum

207 915 365 1001 Iugurtha
394 917 548 1001 potiorem
582 915 741 981 habebant
770 920 882 1001 poetae
902 914 1040 980 Romani
1063 935 1158 1001 quem
1181 915 1330 1003 huiusce·

208 1028 294 1093 modi
328 1029 407 1094 locis
441 1031 653 1095 nominarent.
682 1031 736 1093 An
767 1029 807 1094 ab
839 1028 972 1094 Horatio
995 1028 1157 1095 Romanae
1181 1030 1330 1097 historiae

209 1144 365 1209 elementa
398 1143 600 1229 Propertium
635 1144 784 1210 didicisse
813 1145 876 1209 viri
908 1144 992 1210 dooti
1026 1144 1180 1209 oensem?
1216 1142 1331 1210 Confer

208 1261 370 1341 praeterea
391 1255 449 1342 IV,
473 1259 503 1341 4,
529 1257 569 1320 15
594 1278 656 1342 sq.:

341 1406 549 1475 Pictoreum
574 1407 666 1473 violis
689 1408 808 1493 paritor
831 1406 1017 1475 miscebitur
1041 1405 1181 1471 umbris:

385 1519 524 1586 Consule
547 1541 620 1586 oum
645 1521 756 1605 Mario,
781 1527 870 1606 capte
893 1521 1059 1606 Iugurtha,
1083 1521 1175 1586 sedes

208 1681 332 1747 ridebis
356 1703 452 1768 quam
476 1684 538 1748 ista
559 1681 735 1768 Iugurthae
759 1684 922 1750 mentione
942 1683 1115 1749 delectetur
1134 1683 1331 1769 Propertius.

253 1796 293 1880 V,
324 1796 354 1880 6,
389 1798 439 1861 79.
478 1796 593 1880 ,Nunc
626 1805 675 1863 est
709 1796 905 1863 bibendum''
940 1797 1125 1882 Propertius
1163 1798 1330 1883 exclamat,

212 1913 317 1992 „victa
350 1912 414 1976 iam
444 1911 579 2005 terribili
608 1912 665 1977 illa
697 1910 862 1996 Cleopatra
884 1912 1000 1977 hilares
1025 1918 1102 1977 sunt
1124 1911 1331 1978 celebrandae

210 2024 331 2110 epulae.
366 2025 405 2089 In
438 2025 502 2090 illis
533 2026 617 2091 alius
648 2025 742 2090 aliam
775 2031 880 2089 cantet
903 2025 943 2090 ab
967 2026 1116 2112 Augusto
1139 2033 1329 2111 reportatam

210 2139 394 2204 victoriam:

281 2275 285 2280 ⁵
343 2289 407 2355 Hic
429 2288 546 2355 referat
569 2308 639 2355 sero
661 2289 843 2356 confessum
867 2289 992 2356 foedere
1014 2290 1185 2356 Parthum:

388 2403 512 2472 Reddat
533 2405 626 2490 signa
646 2403 750 2488 Remi,
774 2424 850 2470 mox
873 2404 960 2470 dabit
983 2406 1052 2490 ipse
1075 2404 1164 2470 sua.”

256 2569 441 2635 Admodum
465 2569 601 2634 obscura
621 2569 699 2634 haec
723 2575 799 2634 sunt
822 2573 934 2654 poetae
957 2568 1055 2634 rerba
1077 2573 1109 2635 et
1132 2570 1240 2633 mendi
1260 2590 1331 2635 sus-

210 2691 310 2772 pecta.
344 2684 525 2770 Explicatio
561 2704 680 2769 eorum,
716 2685 743 2750 si
772 2703 838 2749 non
868 2683 970 2768 plena,
999 2689 1106 2748 tamen
1137 2683 1245 2769 aliqua
1268 2687 1332 2769 peti

210 2805 314 2886 potest
336 2799 376 2865 ab
399 2801 440 2864 iis
464 2817 547 2884 quae
571 2799 656 2883 apud
678 2796 816 2863 Dionem
837 2797 983 2863 Cassium
1003 2799 1157 2882 leguntur
1176 2797 1270 2885 (LIV,
1290 2801 1331 2881 8).

211 2915 245 2981 le
278 2917 364 2981 enim
400 2914 439 2979 de
469 2913 582 2998 legatis
612 2911 652 2976 ab
676 2912 789 2977 ultimo
818 2909 947 2977 Oriente
971 2912 1010 2977 ad
1034 2913 1220 2996 Augustum
1244 2911 1331 2977 Sami

212 3034 391 3094 morantem
414 3027 563 3112 profectis
588 3030 620 3092 et
643 3027 704 3091 aha
728 3031 835 3090 narrat
858 3027 1005 3092 ethaeo:

256 3141 287 3204 ἐν
320 3138 411 3221 τούτῳ
445 3139 459 3204 ὂ
491 3136 640 3221 Φραάτης,
672 3136 816 3220 Φοβηθεὶς
847 3137 891 3216 μὴ
923 3136 975 3203 καὶ
997 3137 1206 3221 ἐπιστρατεύει
1232 3139 1264 3213 οἱ,
1289 3138 1331 3204 ὅτι

213 3252 337 3334 μηδέπω
360 3257 431 3319 τῶν
454 3252 727 3332 συγκειμένων
750 3254 912 3328 ἐπεποιήκει
935 3277 972 3326 τι,
997 3252 1036 3319 roi
1060 3277 1093 3318 τε
1116 3261 1229 3332 σημεῖα
1250 3255 1331 3336 αὐτῷ

213 3376 265 3437 καὶ
296 3368 363 3444 τοὺς
393 3368 619 3448 αἰχμαλώτους,
651 3367 730 3441 πλὴν
759 3367 862 3446 ὀλίγων
886 3405 928 3418 --
952 3366 1126 3448 ἀπέπεμψε.
1150 3367 1202 3433 καὶ
1225 3368 1332 3442 αὐτοὺς

212 3485 328 3559 ἐκεῖνος,
351 3485 389 3558 ὥς
413 3483 462 3548 καὶ
487 3481 607 3562 πολέμῳ
630 3481 686 3547 τινὶ
709 3482 757 3548 τὸν
782 3481 892 3564 Πάρθοι
916 3483 1074 3567 νενικηκὼς,
1097 3482 1192 3561 ἔλαβε
1214 3483 1274 3548 ari.

257 3600 313 3666 Sin
334 3605 520 3684 corruptum
541 3599 649 3663 locum
671 3603 781 3663 censet
803 3598 929 3682 aliquis,
950 3599 1063 3682 quidni
1087 3597 1241 3664 ambabus
1266 3618 1332 3664 ma-

214 3714 311 3780 nibus
333 3715 464 3799 arripiat
486 3712 678 3797 praeclaram
701 3711 829 3777 Heinsii
852 3715 1065 3778 coniecturam

346 3851 410 3918 Hie
432 3851 546 3918 referat
569 3850 671 3935 Seres,
693 3851 876 3917 confessum
901 3856 932 3917 et
953 3851 1080 3917 foedera
1101 3851 1264 3916 Parthum.

215 4005 272 4071 sed
295 4005 420 4070 etiamsi
449 4003 531 4068 illud
555 4002 797 4068 confessum
820 4001 990 4067 loedere
1013 4000 1211 4066 Parthum
1235 4002 1333 4085 (quod

213 4119 311 4205 probe
333 4118 470 4202 intelligi
493 4118 615 4203 nequit)
639 4119 674 4182 in
697 4122 789 4182 textu
812 4122 983 4199 remaneat,
1007 4114 1331 4182 haeoHoratiiverba

215 4232 285 4318 (ru,
308 4235 338 4317 a,
362 4233 432 4313 aa:
