2954 5130
621 520 683 583 189

398 703 594 789 Stupuitque
616 702 741 769 Ixionis
769 703 856 769 orbis

88 800 120 860 et
400 881 563 966 Urnisque
588 887 742 947 vacarunt
768 881 907 963 Belides,

90 1044 241 1110 scriberet
260 1064 433 1110 memorem
456 1064 526 1109 esee
544 1046 687 1130 potuisse
702 1044 871 1109 Horatiani
883 1045 1042 1127 carminis,
1055 1063 1096 1108 ex
1108 1062 1211 1128 eoque

90 1158 205 1224 verba:
229 1161 335 1241 ,stetit
356 1178 435 1223 urna
455 1159 587 1243 paulum
608 1157 713 1223 sioca”
725 1163 757 1224 et
771 1157 884 1241 „Ixion
898 1158 992 1223 vultu
1004 1157 1209 1223 risitinvito'’

90 1275 268 1358 sumpsisse
303 1251 386 1358 quae
416 1274 451 1337 in
482 1292 578 1338 suurn
602 1293 697 1337 usum
723 1277 929 1338 converteret.
952 1272 1035 1337 Nam
1059 1273 1145 1357 quod
1169 1272 1209 1337 ad

89 1386 165 1451 Her.
197 1386 278 1451 XIV
308 1389 452 1471 pertinet,
475 1387 541 1450 illie
565 1387 720 1471 quaedam
744 1386 896 1471 leguntur
919 1406 1002 1472 quae
1026 1385 1209 1451 Horatianis

90 1501 192 1565 multo
224 1507 300 1565 sunt
331 1501 484 1566 similiora
507 1520 604 1585 quarn
628 1520 712 1584 quae
735 1520 752 1565 e
775 1499 1082 1586 Metamorphosesin
1105 1501 1212 1564 attulit

92 1613 287 1699 Zingerleus
318 1613 472 1679 Horatius
503 1616 587 1680 enim
619 1614 905 1700 Hypermnestram
937 1615 1093 1681 dicentem
1116 1614 1208 1679 iacit:

226 1776 337 1862 Surge,
360 1796 402 1842 ne
425 1777 541 1862 longus
564 1776 623 1842 tibi
647 1797 780 1842 somnus
804 1777 890 1842 unde

224 1889 299 1955 Non
322 1892 416 1957 times
440 1890 541 1955 detur.
949 1886 951 1890 '

94 2056 246 2122 Ovidius:

224 2219 326 2304 Surge
345 2219 350 2303 Ι
370 2217 445 2282 Nox
467 2217 536 2300 tibi,
559 2219 594 2282 ni
615 2237 776 2303 properas,
798 2219 861 2283 isto
882 2219 1032 2302 perennis
1056 2219 1124 2283 erit.

91 2384 265 2449 Horatius:

224 2546 249 2629 I,
272 2544 368 2631 pedes
391 2564 455 2629 quo
477 2550 509 2610 te
531 2544 661 2628 rapiunt
683 2548 715 2608 et
737 2562 845 2626 aurae,

224 2659 311 2725 Dum
334 2659 420 2725 favet
442 2679 518 2723 nox.
551 2729 553 2733 ,

93 2824 231 2890 Ovidius
242 2846 249 2887 :

229 2985 315 3052 Dum
339 3005 406 3050 nox
430 2986 515 3069 sinit,
538 2985 651 3069 effuge.

92 3151 264 3216 Horatius:

272 3312 380 3377 Nostri
404 3329 575 3375 memorem
600 3310 746 3394 sepulcro

273 3426 385 3510 Scalpe
409 3423 579 3509 querelam.

96 3590 250 3656 Ovidius:

229 3751 424 3836 Sculptaque
447 3751 513 3815 sint
536 3750 630 3815 titulo
655 3754 762 3814 nostra
786 3749 931 3834 sepulcra
953 3748 1050 3815 brevi.

140 3888 203 3982 Sed
238 3915 389 3999 quoniam
420 3912 459 3977 ab
492 3918 628 3996 utroque
650 3916 742 3996 po‘e'ta
765 3911 874 3978 eadem
899 3916 1052 3977 tractatur
1074 3913 1215 3996 historia,

95 4029 165 4096 lieri
196 4047 261 4093 non
293 4031 414 4112 poterat
439 4027 519 4110 quin
542 4030 573 4092 et
597 4025 706 4090 eadem
728 4024 884 4090 nonnulla
908 4025 1063 4090 voeabula
1088 4026 1216 4109 utrique

97 4163 131 4210 se
163 4147 276 4227 sponte
308 4140 463 4206 offerrent.
497 4137 605 4216 Quum
638 4139 723 4206 enim
746 4137 884 4222 aliquem
910 4158 928 4204 e
951 4157 1063 4216 somno
1086 4139 1216 4221 excitas,

97 4275 139 4323 ne
173 4255 382 4321 dormientem
425 4272 499 4319 eum
535 4254 715 4337 opprimant
747 4251 864 4338 hostes,
900 4251 1055 4316 voeabulo
1090 4269 1217 4336 surge
