<?xml version="1.0" encoding="UTF-8"?>
<!DOCTYPE html PUBLIC "-//W3C//DTD XHTML 1.0 Transitional//EN"
    "http://www.w3.org/TR/xhtml1/DTD/xhtml1-transitional.dtd">
<html xmlns="http://www.w3.org/1999/xhtml" xml:lang="en" lang="en">
 <head>
  <title>
</title>
<meta http-equiv="Content-Type" content="text/html;charset=utf-8" />
  <meta name='ocr-system' content='tesseract 3.04.00' />
  <meta name='ocr-capabilities' content='ocr_page ocr_carea ocr_par ocr_line ocrx_word'/>
</head>
<body>
  <div class='ocr_page' id='page_1' title='image "./dehoratiopota00hartgoog_0205.png"; bbox 0 0 2954 5130; ppageno 0'>
   <div class='ocr_carea' id='block_1_1' title="bbox 732 473 796 537">
    <p class='ocr_par' dir='ltr' id='par_1_1' title="bbox 732 473 796 537">
     <span class='ocr_line' id='line_1_1' title="bbox 732 473 796 537; baseline 0.016 -2"><span class='ocrx_word' id='word_1_1' title='bbox 732 473 796 537; x_wconf 83' lang='lat'>194</span> 
     </span>
    </p>
   </div>
   <div class='ocr_carea' id='block_1_2' title="bbox 205 655 1335 1543">
    <p class='ocr_par' dir='ltr' id='par_1_2' title="bbox 205 655 1335 1543">
     <span class='ocr_line' id='line_1_2' title="bbox 248 655 1334 744; baseline -0.004 -20"><span class='ocrx_word' id='word_1_2' title='bbox 248 659 319 724; x_wconf 89' lang='lat' dir='ltr'>Hoc</span> <span class='ocrx_word' id='word_1_3' title='bbox 353 663 409 742; x_wconf 73' lang='lat' dir='ltr'>est</span> <span class='ocrx_word' id='word_1_4' title='bbox 442 659 476 722; x_wconf 92' lang='lat' dir='ltr'>ni</span> <span class='ocrx_word' id='word_1_5' title='bbox 506 657 607 741; x_wconf 87' lang='lat' dir='ltr'>fallor,</span> <span class='ocrx_word' id='word_1_6' title='bbox 638 659 701 722; x_wconf 91' lang='lat' dir='ltr'>iam</span> <span class='ocrx_word' id='word_1_7' title='bbox 732 677 813 744; x_wconf 93' lang='lat' dir='ltr'>puer</span> <span class='ocrx_word' id='word_1_8' title='bbox 843 662 909 723; x_wconf 88' lang='lat' dir='ltr'>tam</span> <span class='ocrx_word' id='word_1_9' title='bbox 932 655 1069 722; x_wconf 79' lang='lat' dir='ltr'>libenter</span> <span class='ocrx_word' id='word_1_10' title='bbox 1090 661 1202 741; x_wconf 71' lang='lat' dir='ltr'>poetas</span> <span class='ocrx_word' id='word_1_11' title='bbox 1226 661 1334 720; x_wconf 85' lang='lat' dir='ltr'>aetate</span> 
     </span>
     <span class='ocr_line' id='line_1_3' title="bbox 205 771 1334 858; baseline -0.005 -18"><span class='ocrx_word' id='word_1_12' title='bbox 205 776 339 840; x_wconf 86' lang='lat' dir='ltr'>maiores</span> <span class='ocrx_word' id='word_1_13' title='bbox 374 773 516 858; x_wconf 81' lang='lat' dir='ltr'>legebam</span> <span class='ocrx_word' id='word_1_14' title='bbox 549 773 766 858; x_wconf 77' lang='lat' dir='ltr'>aequalesque</span> <span class='ocrx_word' id='word_1_15' title='bbox 797 771 974 855; x_wconf 85' lang='lat' dir='ltr'>audiebam,</span> <span class='ocrx_word' id='word_1_16' title='bbox 998 777 1035 836; x_wconf 92' lang='lat' dir='ltr'>ut</span> <span class='ocrx_word' id='word_1_17' title='bbox 1058 772 1221 856; x_wconf 91' lang='lat' dir='ltr'>quidquid</span> <span class='ocrx_word' id='word_1_18' title='bbox 1244 776 1334 835; x_wconf 90' lang='lat' dir='ltr'>esset</span> 
     </span>
     <span class='ocr_line' id='line_1_4' title="bbox 206 885 1334 970; baseline -0.001 -21"><span class='ocrx_word' id='word_1_19' title='bbox 206 907 358 954; x_wconf 87' lang='lat' dir='ltr'>versuum</span> <span class='ocrx_word' id='word_1_20' title='bbox 380 889 531 952; x_wconf 89' lang='lat' dir='ltr'>memoria</span> <span class='ocrx_word' id='word_1_21' title='bbox 546 893 696 953; x_wconf 86' lang='lat' dir='ltr'>tenerem.</span> <span class='ocrx_word' id='word_1_22' title='bbox 711 886 974 970; x_wconf 79' lang='lat' dir='ltr'>Quotiescunque</span> <span class='ocrx_word' id='word_1_23' title='bbox 986 904 1061 970; x_wconf 86' lang='lat' dir='ltr'>ergo</span> <span class='ocrx_word' id='word_1_24' title='bbox 1072 885 1153 949; x_wconf 90' lang='lat' dir='ltr'>mibi</span> <span class='ocrx_word' id='word_1_25' title='bbox 1165 886 1334 968; x_wconf 82' lang='lat' dir='ltr'>eleganter</span> 
     </span>
     <span class='ocr_line' id='line_1_5' title="bbox 206 999 1332 1087; baseline -0.004 -20"><span class='ocrx_word' id='word_1_26' title='bbox 206 1003 326 1087; x_wconf 92' lang='lat' dir='ltr'>aliquid</span> <span class='ocrx_word' id='word_1_27' title='bbox 362 1002 531 1066; x_wconf 90' lang='lat' dir='ltr'>dicendum</span> <span class='ocrx_word' id='word_1_28' title='bbox 562 1007 629 1067; x_wconf 88' lang='lat' dir='ltr'>erat</span> <span class='ocrx_word' id='word_1_29' title='bbox 661 1003 767 1066; x_wconf 86' lang='lat' dir='ltr'>atatim</span> <span class='ocrx_word' id='word_1_30' title='bbox 793 1002 925 1067; x_wconf 88' lang='lat' dir='ltr'>aderaut</span> <span class='ocrx_word' id='word_1_31' title='bbox 950 999 1106 1064; x_wconf 84' lang='lat' dir='ltr'>vocabula</span> <span class='ocrx_word' id='word_1_32' title='bbox 1130 999 1332 1063; x_wconf 83' lang='lat' dir='ltr'>hexametris</span> 
     </span>
     <span class='ocr_line' id='line_1_6' title="bbox 207 1113 1334 1202; baseline -0.004 -20"><span class='ocrx_word' id='word_1_33' title='bbox 207 1118 475 1202; x_wconf 88' lang='lat' dir='ltr'>pentametrisque</span> <span class='ocrx_word' id='word_1_34' title='bbox 509 1118 682 1201; x_wconf 75' lang='lat' dir='ltr'>aptissima,</span> <span class='ocrx_word' id='word_1_35' title='bbox 719 1118 766 1181; x_wconf 89' lang='lat' dir='ltr'>sic</span> <span class='ocrx_word' id='word_1_36' title='bbox 796 1121 909 1200; x_wconf 87' lang='lat' dir='ltr'>sponte</span> <span class='ocrx_word' id='word_1_37' title='bbox 940 1121 972 1180; x_wconf 89' lang='lat' dir='ltr'>et</span> <span class='ocrx_word' id='word_1_38' title='bbox 995 1116 1064 1179; x_wconf 90' lang='lat' dir='ltr'>sine</span> <span class='ocrx_word' id='word_1_39' title='bbox 1087 1114 1153 1178; x_wconf 91' lang='lat' dir='ltr'>ullo</span> <span class='ocrx_word' id='word_1_40' title='bbox 1176 1113 1334 1178; x_wconf 89' lang='lat' dir='ltr'>laboree</span> 
     </span>
     <span class='ocr_line' id='line_1_7' title="bbox 207 1227 1334 1313; baseline -0.005 -17"><span class='ocrx_word' id='word_1_41' title='bbox 207 1231 372 1296; x_wconf 88' lang='lat' dir='ltr'>sententiis</span> <span class='ocrx_word' id='word_1_42' title='bbox 406 1231 485 1294; x_wconf 92' lang='lat' dir='ltr'>meis</span> <span class='ocrx_word' id='word_1_43' title='bbox 520 1250 633 1296; x_wconf 86' lang='lat' dir='ltr'>versus</span> <span class='ocrx_word' id='word_1_44' title='bbox 666 1228 793 1294; x_wconf 89' lang='lat' dir='ltr'>fiebant.</span> <span class='ocrx_word' id='word_1_45' title='bbox 828 1228 881 1293; x_wconf 87' lang='lat' dir='ltr'>Nil</span> <span class='ocrx_word' id='word_1_46' title='bbox 917 1233 1080 1313; x_wconf 88' lang='lat' dir='ltr'>praeterea</span> <span class='ocrx_word' id='word_1_47' title='bbox 1110 1227 1150 1291; x_wconf 91' lang='lat' dir='ltr'>ad</span> <span class='ocrx_word' id='word_1_48' title='bbox 1181 1227 1268 1290; x_wconf 84' lang='lat' dir='ltr'>hanc</span> <span class='ocrx_word' id='word_1_49' title='bbox 1293 1227 1334 1291; x_wconf 94' lang='lat' dir='ltr'>de</span> 
     </span>
     <span class='ocr_line' id='line_1_8' title="bbox 208 1340 1335 1427; baseline -0.004 -19"><span class='ocrx_word' id='word_1_50' title='bbox 208 1342 314 1408; x_wconf 87' lang='lat' dir='ltr'>Ovidii</span> <span class='ocrx_word' id='word_1_51' title='bbox 345 1344 519 1408; x_wconf 87' lang='lat' dir='ltr'>imitatione</span> <span class='ocrx_word' id='word_1_52' title='bbox 550 1343 726 1408; x_wconf 86' lang='lat' dir='ltr'>Horatiana</span> <span class='ocrx_word' id='word_1_53' title='bbox 758 1343 976 1427; x_wconf 89' lang='lat' dir='ltr'>quaestionem</span> <span class='ocrx_word' id='word_1_54' title='bbox 1001 1340 1213 1406; x_wconf 89' lang='lat' dir='ltr'>dirimendam</span> <span class='ocrx_word' id='word_1_55' title='bbox 1226 1340 1335 1404; x_wconf 85' lang='lat' dir='ltr'>afferi-</span> 
     </span>
     <span class='ocr_line' id='line_1_9' title="bbox 207 1457 775 1543; baseline -0.005 -20"><span class='ocrx_word' id='word_1_56' title='bbox 207 1478 281 1524; x_wconf 92' lang='lat' dir='ltr'>mus</span> <span class='ocrx_word' id='word_1_57' title='bbox 304 1463 427 1543; x_wconf 88' lang='lat' dir='ltr'>praeter</span> <span class='ocrx_word' id='word_1_58' title='bbox 449 1459 652 1522; x_wconf 88' lang='lat' dir='ltr'>notissimum</span> <span class='ocrx_word' id='word_1_59' title='bbox 676 1457 775 1521; x_wconf 93' lang='lat' dir='ltr'>illud:</span> 
     </span>
    </p>
   </div>
   <div class='ocr_carea' id='block_1_3' title="bbox 339 1617 1174 1684">
    <p class='ocr_par' dir='ltr' id='par_1_3' title="bbox 339 1617 1174 1684">
     <span class='ocr_line' id='line_1_10' title="bbox 339 1617 1174 1684; baseline -0.005 0"><span class='ocrx_word' id='word_1_60' title='bbox 339 1619 381 1684; x_wconf 82' lang='lat' dir='ltr'>Et</span> <span class='ocrx_word' id='word_1_61' title='bbox 403 1621 508 1684; x_wconf 90' lang='lat' dir='ltr'>tenuit</span> <span class='ocrx_word' id='word_1_62' title='bbox 531 1625 656 1683; x_wconf 87' lang='lat' dir='ltr'>nostras</span> <span class='ocrx_word' id='word_1_63' title='bbox 679 1637 871 1684; x_wconf 87' lang='lat' dir='ltr'>numerosus</span> <span class='ocrx_word' id='word_1_64' title='bbox 893 1617 1046 1683; x_wconf 87' lang='lat' dir='ltr'>Horatius</span> <span class='ocrx_word' id='word_1_65' title='bbox 1071 1635 1174 1681; x_wconf 89' lang='lat' dir='ltr'>aures.</span> 
     </span>
    </p>
   </div>
   <div class='ocr_carea' id='block_1_4' title="bbox 209 1791 1335 2561">
    <p class='ocr_par' dir='ltr' id='par_1_4' title="bbox 209 1791 1335 2561">
     <span class='ocr_line' id='line_1_11' title="bbox 252 1791 1334 1879; baseline -0.001 -22"><span class='ocrx_word' id='word_1_66' title='bbox 252 1793 336 1879; x_wconf 82' lang='lat' dir='ltr'>Ergo</span> <span class='ocrx_word' id='word_1_67' title='bbox 369 1794 541 1859; x_wconf 87' lang='lat' dir='ltr'>Horatium</span> <span class='ocrx_word' id='word_1_68' title='bbox 574 1813 704 1879; x_wconf 90' lang='lat' dir='ltr'>quoque</span> <span class='ocrx_word' id='word_1_69' title='bbox 735 1794 858 1859; x_wconf 87' lang='lat' dir='ltr'>audivit</span> <span class='ocrx_word' id='word_1_70' title='bbox 880 1813 960 1878; x_wconf 90' lang='lat' dir='ltr'>puer</span> <span class='ocrx_word' id='word_1_71' title='bbox 983 1791 1128 1874; x_wconf 74' lang='lat' dir='ltr'>OvidiuS,</span> <span class='ocrx_word' id='word_1_72' title='bbox 1151 1791 1252 1856; x_wconf 87' lang='lat' dir='ltr'>latina</span> <span class='ocrx_word' id='word_1_73' title='bbox 1277 1791 1334 1856; x_wconf 91' lang='lat' dir='ltr'>illa</span> 
     </span>
     <span class='ocr_line' id='line_1_12' title="bbox 209 1905 1334 1991; baseline -0.004 -18"><span class='ocrx_word' id='word_1_74' title='bbox 209 1909 386 1973; x_wconf 81' lang='lat' dir='ltr'>carminum</span> <span class='ocrx_word' id='word_1_75' title='bbox 423 1907 615 1973; x_wconf 84' lang='lat' dir='ltr'>Graecorum</span> <span class='ocrx_word' id='word_1_76' title='bbox 646 1909 782 1973; x_wconf 89' lang='lat' dir='ltr'>imitatio</span> <span class='ocrx_word' id='word_1_77' title='bbox 815 1927 908 1972; x_wconf 89' lang='lat' dir='ltr'>aures</span> <span class='ocrx_word' id='word_1_78' title='bbox 931 1908 1001 1971; x_wconf 93' lang='lat' dir='ltr'>eius</span> <span class='ocrx_word' id='word_1_79' title='bbox 1025 1905 1211 1991; x_wconf 89' lang='lat' dir='ltr'>permulsit;</span> <span class='ocrx_word' id='word_1_80' title='bbox 1236 1924 1334 1969; x_wconf 88' lang='lat' dir='ltr'>voca-</span> 
     </span>
     <span class='ocr_line' id='line_1_13' title="bbox 209 2021 1334 2106; baseline -0.004 -19"><span class='ocrx_word' id='word_1_81' title='bbox 209 2022 284 2088; x_wconf 90' lang='lat' dir='ltr'>bula</span> <span class='ocrx_word' id='word_1_82' title='bbox 315 2028 352 2088; x_wconf 90' lang='lat' dir='ltr'>ut</span> <span class='ocrx_word' id='word_1_83' title='bbox 382 2028 471 2087; x_wconf 87' lang='lat' dir='ltr'>erant</span> <span class='ocrx_word' id='word_1_84' title='bbox 500 2021 539 2086; x_wconf 87' lang='lat' dir='ltr'>ab</span> <span class='ocrx_word' id='word_1_85' title='bbox 570 2022 702 2086; x_wconf 88' lang='lat' dir='ltr'>Horatio</span> <span class='ocrx_word' id='word_1_86' title='bbox 726 2023 900 2106; x_wconf 87' lang='lat' dir='ltr'>composita</span> <span class='ocrx_word' id='word_1_87' title='bbox 923 2021 1139 2105; x_wconf 87' lang='lat' dir='ltr'>dispositaque</span> <span class='ocrx_word' id='word_1_88' title='bbox 1162 2021 1197 2082; x_wconf 92' lang='lat' dir='ltr'>in</span> <span class='ocrx_word' id='word_1_89' title='bbox 1223 2024 1334 2083; x_wconf 88' lang='lat' dir='ltr'>mente</span> 
     </span>
     <span class='ocr_line' id='line_1_14' title="bbox 209 2133 1334 2218; baseline -0.004 -17"><span class='ocrx_word' id='word_1_90' title='bbox 209 2136 278 2201; x_wconf 87' lang='lat' dir='ltr'>eius</span> <span class='ocrx_word' id='word_1_91' title='bbox 301 2136 507 2201; x_wconf 84' lang='lat' dir='ltr'>inhaeserunt</span> <span class='ocrx_word' id='word_1_92' title='bbox 531 2142 561 2199; x_wconf 92' lang='lat' dir='ltr'>et</span> <span class='ocrx_word' id='word_1_93' title='bbox 583 2135 717 2200; x_wconf 88' lang='lat' dir='ltr'>fortasse</span> <span class='ocrx_word' id='word_1_94' title='bbox 741 2136 901 2200; x_wconf 85' lang='lat' dir='ltr'>interdum</span> <span class='ocrx_word' id='word_1_95' title='bbox 926 2136 954 2199; x_wconf 90' lang='lat' dir='ltr'>ei</span> <span class='ocrx_word' id='word_1_96' title='bbox 976 2135 1015 2198; x_wconf 93' lang='lat' dir='ltr'>de</span> <span class='ocrx_word' id='word_1_97' title='bbox 1034 2133 1168 2198; x_wconf 87' lang='lat' dir='ltr'>Horatio</span> <span class='ocrx_word' id='word_1_98' title='bbox 1189 2135 1334 2218; x_wconf 86' lang='lat' dir='ltr'>necogi-</span> 
     </span>
     <span class='ocr_line' id='line_1_15' title="bbox 209 2247 1334 2333; baseline -0.003 -20"><span class='ocrx_word' id='word_1_99' title='bbox 209 2251 290 2314; x_wconf 89' lang='lat' dir='ltr'>tanti</span> <span class='ocrx_word' id='word_1_100' title='bbox 325 2249 453 2333; x_wconf 89' lang='lat' dir='ltr'>quidem</span> <span class='ocrx_word' id='word_1_101' title='bbox 488 2250 684 2314; x_wconf 82' lang='lat' dir='ltr'>exciderunt.</span> <span class='ocrx_word' id='word_1_102' title='bbox 719 2247 808 2313; x_wconf 88' lang='lat' dir='ltr'>Nam</span> <span class='ocrx_word' id='word_1_103' title='bbox 832 2247 985 2313; x_wconf 88' lang='lat' dir='ltr'>Ovidium</span> <span class='ocrx_word' id='word_1_104' title='bbox 1016 2256 1047 2313; x_wconf 91' lang='lat' dir='ltr'>et</span> <span class='ocrx_word' id='word_1_105' title='bbox 1076 2247 1209 2311; x_wconf 91' lang='lat' dir='ltr'>aliunde</span> <span class='ocrx_word' id='word_1_106' title='bbox 1232 2254 1265 2311; x_wconf 89' lang='lat' dir='ltr'>et</span> <span class='ocrx_word' id='word_1_107' title='bbox 1290 2267 1334 2311; x_wconf 85' lang='lat' dir='ltr'>ex</span> 
     </span>
     <span class='ocr_line' id='line_1_16' title="bbox 209 2360 1335 2447; baseline -0.003 -21"><span class='ocrx_word' id='word_1_108' title='bbox 209 2361 341 2427; x_wconf 89' lang='lat' dir='ltr'>Horatio</span> <span class='ocrx_word' id='word_1_109' title='bbox 365 2363 476 2429; x_wconf 88' lang='lat' dir='ltr'>sedulo</span> <span class='ocrx_word' id='word_1_110' title='bbox 500 2364 661 2428; x_wconf 87' lang='lat' dir='ltr'>materiem</span> <span class='ocrx_word' id='word_1_111' title='bbox 687 2363 887 2447; x_wconf 81' lang='lat' dir='ltr'>colligentem</span> <span class='ocrx_word' id='word_1_112' title='bbox 909 2362 1030 2446; x_wconf 86' lang='lat' dir='ltr'>fingere</span> <span class='ocrx_word' id='word_1_113' title='bbox 1052 2366 1083 2426; x_wconf 91' lang='lat' dir='ltr'>et</span> <span class='ocrx_word' id='word_1_114' title='bbox 1108 2381 1195 2425; x_wconf 86' lang='lat' dir='ltr'>nuuc</span> <span class='ocrx_word' id='word_1_115' title='bbox 1216 2360 1335 2425; x_wconf 88' lang='lat' dir='ltr'>absur-</span> 
     </span>
     <span class='ocr_line' id='line_1_17' title="bbox 210 2475 1030 2561; baseline 0 -22"><span class='ocrx_word' id='word_1_116' title='bbox 210 2475 378 2540; x_wconf 91' lang='lat' dir='ltr'>dissimum</span> <span class='ocrx_word' id='word_1_117' title='bbox 402 2478 479 2541; x_wconf 93' lang='lat' dir='ltr'>mihi</span> <span class='ocrx_word' id='word_1_118' title='bbox 503 2478 629 2542; x_wconf 87' lang='lat' dir='ltr'>videtur</span> <span class='ocrx_word' id='word_1_119' title='bbox 652 2482 684 2542; x_wconf 90' lang='lat' dir='ltr'>et</span> <span class='ocrx_word' id='word_1_120' title='bbox 707 2495 832 2561; x_wconf 87' lang='lat' dir='ltr'>semper</span> <span class='ocrx_word' id='word_1_121' title='bbox 860 2475 1030 2541; x_wconf 88' lang='lat' dir='ltr'>videbitur.</span> 
     </span>
    </p>
   </div>
   <div class='ocr_carea' id='block_1_5' title="bbox 0 0 1491 5130">
    <p class='ocr_par' dir='ltr' id='par_1_5' title="bbox 0 0 1491 5130">
     <span class='ocr_line' id='line_1_18' title="bbox 0 0 1491 5130; baseline 0 0"><span class='ocrx_word' id='word_1_122' title='bbox 0 0 1491 5130; x_wconf 95' lang='lat' dir='ltr'> </span> 
     </span>
    </p>
   </div>
  </div>
 </body>
</html>
