2954 5130
704 495 767 558 113

354 679 396 744 Et
419 699 493 744 oum
516 679 635 744 furtivo
659 682 808 746 iuvenem
833 681 1001 745 lassaverit
1025 700 1096 763 usu,

397 793 514 858 Tecum
537 795 723 886 interposita
745 795 898 880 languida
921 800 1009 860 veste
1029 793 1132 878 cubet,

178 975 210 1037 et
244 970 401 1035 eiusmodi
432 969 554 1055 aliquid
584 969 669 1055 apud
699 970 818 1035 multos
842 968 973 1035 obvium
997 975 1045 1034 est
1068 974 1185 1055 poetas,
1209 971 1296 1035 velut

179 1083 266 1170 apud
288 1083 477 1149 Horatium:

355 1246 487 1312 Manum
511 1248 618 1332 puella
641 1249 729 1312 savio
753 1251 891 1332 opponat
912 1251 968 1312 tuo

400 1360 553 1427 Extrema
576 1367 608 1427 et
629 1363 664 1425 in
688 1361 809 1446 sponda
832 1361 936 1426 cubet.

180 1538 367 1623 Propertius
390 1542 497 1603 autem
520 1538 581 1603 hoo
602 1536 713 1602 habet:

358 1698 452 1777 Quod
476 1701 503 1765 si
526 1700 716 1785 pertendens
740 1701 847 1764 animo
870 1702 984 1764 vestita
1007 1698 1144 1783 oubaris,

402 1812 508 1879 Scissa
530 1819 619 1879 veste
641 1832 728 1879 meas
751 1814 913 1898 experiere
937 1832 1061 1878 manus.

226 1986 299 2052 Non
334 1988 463 2053 aliunde
496 1989 516 2053 i.
530 2007 555 2053 e.
590 2007 631 2053 ex
663 1989 799 2053 aliorum
830 1988 921 2053 libris
945 1988 1006 2053 hoo
1030 1989 1177 2073 sumpsit,
1202 1987 1299 2053 sede

159 2076 307 2187 mediis,
332 2108 370 2168 ut
392 2105 437 2167 ita
460 2103 572 2187 dicam,
595 2102 699 2168 rebus.

226 2217 355 2281 Amoris
390 2218 567 2282 constantia
600 2236 641 2282 ne
676 2216 790 2281 Ovidio
821 2218 951 2302 quidem
982 2217 1066 2282 aedit
1096 2215 1297 2301 Propertius:

182 2331 269 2395 illam
303 2351 378 2416 ergo
412 2337 443 2396 et
476 2332 510 2395 in
541 2332 611 2396 aliis
642 2332 758 2397 laudat.
792 2331 932 2396 Fidelem
963 2331 1110 2397 Postumi
1133 2336 1165 2396 et
1189 2332 1299 2395 Aeliae

184 2443 292 2509 Gallae
321 2463 461 2509 amorem
484 2444 608 2509 extollit
630 2443 697 2528 (IV,
723 2445 791 2526 ll);
816 2445 903 2508 cordi
925 2447 955 2509 ei
979 2450 1056 2509 sunt
1079 2443 1191 2509 Gallus
1215 2446 1299 2509 eius·

183 2577 247 2642 que
269 2558 374 2643 puella
398 2557 434 2643 (Ι,
460 2559 501 2621 10
526 2564 557 2623 et
582 2559 642 2640 13).
666 2558 810 2642 Ianuam,
833 2578 915 2643 quae
939 2559 1013 2622 olim
1036 2559 1185 2643 Tarpeiae
1207 2559 1299 2643 pudi-

183 2675 276 2738 oitiae
298 2673 387 2737 testis
410 2671 479 2755 fuit,
503 2672 543 2736 ob
566 2675 741 2757 praesentis
765 2673 910 2738 dominae
929 2673 1091 2738 levitatem
1112 2678 1298 2758 querentem

182 2787 259 2852 fauit
291 2787 316 2871 Ι,
350 2787 400 2869 16,
432 2778 517 2871 quod
547 2806 676 2852 carmen
706 2788 764 2851 vix
795 2785 972 2852 Catulliano
1004 2787 1045 2850 67
1078 2787 1212 2852 inferius
1243 2792 1299 2852 est

182 2899 282 2964 Firmi
313 2899 437 2983 fidique
470 2902 588 2964 amoris
622 2900 715 2984 plena
745 2905 793 2965 est
822 2900 1034 2984 pulcherrima
1057 2901 1236 2965 Arethusae
1259 2900 1300 2964 ad

183 3013 326 3098 Lycoten
357 3013 489 3099 epistola
510 3013 561 3096 (V,
585 3015 624 3095 3),
648 3013 704 3078 sed
726 3032 802 3098 prae
826 3016 938 3078 ceteris
961 3014 1016 3078 illa
1040 3015 1144 3079 virtus
1167 3032 1300 3078 exorna-

183 3134 237 3193 tur
270 3128 411 3213 epicedio
446 3129 501 3192 illo
537 3125 700 3192 Corneliae
734 3127 784 3210 (V,
810 3129 871 3211 11),
906 3129 992 3212 quod
1026 3129 1097 3193 iure
1127 3128 1299 3212 elegiarum

184 3245 329 3328 reginam
353 3242 436 3307 dixit
458 3241 718 3307 Valckenaerius.

228 3357 271 3421 Et
293 3376 384 3422 suam
409 3374 538 3440 quoque
561 3355 730 3437 Cynthium
753 3355 1011 3419 constantissimo
1034 3373 1141 3419 amore
1164 3359 1212 3418 est
1234 3373 1300 3417 am-

184 3471 301 3557 plexus
325 3470 519 3555 Propertius.
543 3469 719 3534 Confitetur
742 3470 871 3553 quidem
895 3467 966 3553 (ΙΠ,
989 3469 1038 3552 15,
1059 3470 1089 3550 1)
1110 3468 1226 3532 multas
1239 3467 1300 3532 sibi

186 3585 264 3651 alias
299 3586 465 3671 placuisse,
496 3585 551 3650 sed
584 3586 691 3649 verius
722 3589 770 3648 est
800 3584 888 3668 quod
910 3582 986 3648 alibi
1010 3583 1076 3667 (IV,
1103 3583 1152 3665 14,
1177 3583 1195 3644 5
1220 3582 1300 3665 sqq.)

179 3702 311 3765 ,iuratus
335 3701 491 3765 declarat:

316 3863 377 3929 Illa
398 3864 495 3929 rudes
517 3865 641 3929 animos
663 3882 720 3948 per
743 3867 853 3928 nostes
876 3863 1003 3927 oonsaia
1027 3862 1146 3947 primas

362 3977 490 4061 Imbuit,
513 3979 575 4043 heu
600 3977 697 4042 nullis
722 3982 813 4062 capta
835 3976 979 4058 Lycinna
1004 3976 1094 4040 datis.

318 4092 442 4157 Tertius
465 4091 550 4156 haud
574 4092 674 4155 multo
698 4093 806 4155 minus
831 4094 879 4155 est
902 4109 976 4154 oum
1000 4089 1128 4152 duoitur
1147 4099 1279 4152 annusz'

310 4246 313 4256 ·
364 4206 431 4271 Vix
455 4207 584 4271 memini
608 4205 699 4270 nobis
721 4205 819 4270 verba
842 4210 944 4270 coisse
967 4202 1083 4268 decem.

1187 4310 1204 4367 8
