2954 5130
776 513 819 572 44

234 700 318 764 lum
351 720 370 763 a
393 718 534 784 paupere
558 699 678 763 donum
702 716 832 782 poscere
855 697 931 761 deos
954 696 1114 781 significat
1136 704 1236 784 po'dta
1256 698 1358 782 (Quae

233 814 319 878 enim
342 813 475 877 alianis
499 831 569 878 θεεθ
590 817 694 896 potest
716 811 865 876 adiectivi
888 811 1118 876 immunis?
1154 810 1356 899 Quamquam

234 928 308 1011 quis
342 946 430 991 aram
466 927 569 1011 tangit
603 926 659 1010 qui
691 925 736 989 nil
761 925 819 989 deo
843 925 933 988 offert
942 923 968 1006 i)
993 922 1075 988 Dein
1097 926 1113 988 f
1118 945 1210 991 arre
1233 929 1302 1012 pio
1326 933 1358 992 et

234 1040 418 1104 saliente
452 1041 558 1104 mica
592 1059 674 1124 opus
700 1058 770 1103 esse
807 1038 953 1103 declarat
984 1038 1053 1102 Iam
1086 1058 1150 1123 quo
1183 1059 1218 1104 se
1241 1041 1358 1105 misera

233 1157 396 1218 convertat
430 1153 591 1235 Phidyle?
621 1152 704 1235 Alio,
735 1156 773 1216 ut
794 1153 916 1235 opinor,
940 1171 1020 1237 opus
1044 1159 1092 1217 θεῖ
1114 1153 1262 1218 indoctae
1285 1174 1358 1218 mu-

231 1266 383 1332 lierculae
418 1268 568 1351 magistro
603 1287 622 1330 a
653 1286 717 1351 quo
750 1267 794 1330 dii
828 1267 1024 1331 immortales
1057 1287 1122 1351 qua
1143 1269 1267 1332 ratione
1289 1269 1358 1352 pla·

233 1381 327 1445 candi
350 1381 415 1445 sint
439 1381 550 1446 discat.
574 1384 576 1388 ’

278 1495 457 1560 Pulchrum
495 1500 543 1560 est
578 1513 705 1559 carmen
729 1494 786 1578 IV,
818 1496 836 1556 2
868 1499 1108 1579 venustumque
1130 1500 1163 1559 θῖ
1186 1495 1356 1580 elegantis·

234 1610 333 1675 simae
368 1610 585 1674 verecundiae.
619 1609 762 1692 Rogatus
792 1614 829 1673 ut
862 1607 1005 1692 Augusti
1040 1609 1180 1673 reditum
1215 1612 1357 1676 carmine

234 1723 335 1804 lyrico
369 1722 519 1806 celebret,
549 1722 720 1807 respondet
753 1722 906 1786 Horatius
942 1723 1101 1787 eiusmodi
1139 1743 1220 1808 opus
1254 1724 1356 1789 multo

234 1856 304 1902 esse
333 1838 463 1921 gravius
494 1857 590 1921 quam
614 1857 670 1921 pro
695 1839 763 1901 suis
785 1836 919 1919 viribus,
941 1837 1039 1921 idque
1062 1857 1253 1922 responsum
1278 1839 1356 1923 lepi-

236 1950 366 2016 dissime
402 1956 543 2015 exornat.
579 1950 711 2015 Pindari
745 1952 830 2014 enim
867 1953 1001 2015 virtutes
1032 1951 1128 2035 longa
1151 1952 1354 2035 stropharum

235 2066 317 2130 serie
340 2070 507 2129 enumerat
530 2066 720 2149 egregieque
743 2064 814 2128 illas
839 2064 964 2128 extollit
987 2066 1084 2129 etita
1106 2070 1143 2129 ut
1167 2065 1261 2149 plane
1285 2085 1356 2130 sen-

234 2179 294 2243 tias
329 2177 515 2243 Thebanum
553 2183 689 2263 postam,
720 2178 895 2259 lyricorum
927 2179 1112 2263 principem,
1147 2177 1187 2242 ab
1222 2178 1356 2244 Horatio

233 2291 417 2377 frequenter
450 2293 568 2357 lectum
599 2294 782 2377 optimeque
813 2292 1010 2356 intellectum
1036 2311 1114 2358 esse.
1141 2293 1259 2374 „Hunc
1284 2295 1357 2378 quis

235 2404 458 2470 aemulenrr?”
494 2408 546 2470 ait.
583 2404 676 2488 „Non
708 2425 776 2490 ego,
808 2408 961 2490 quicum
986 2426 1103 2490 magno
1126 2406 1235 2472 labore
1257 2428 1358 2492 parra

237 2518 429 2584 Graecorum
454 2525 601 2604 poiimata
623 2522 657 2583 in
683 2525 828 2585 nestrum
848 2525 969 2585 vertam
991 2539 1180 2586 sermonem.
1198 2521 1356 2587 'libivero

235 2633 306 2698 Iule
336 2633 459 2698 Antoni
472 2633 494 2716 ¹)
527 2634 649 2717 aliquid
683 2633 866 2699 audendum
899 2639 963 2699 est:
989 2636 1151 2719 egregium
1176 2641 1208 2700 te
1230 2641 1355 2720 podiam

235 2750 299 2812 iam
323 2766 417 2832 saepe
439 2748 633 2830 praestitisti,
657 2751 749 2812 tuum
773 2753 821 2812 est
843 2747 1018 2811 Pindarum
1041 2767 1107 2811 non
1125 2749 1280 2813 aemulari
1302 2749 1357 2814 sed

235 2863 360 2926 imitari.
396 2861 601 2946 Magnificum
637 2856 711 2946 ergo
747 2866 784 2927 tu
817 2880 943 2926 carmen
976 2881 1147 2947 compones
1179 2863 1276 2947 quod,
1300 2863 1356 2928 ubi

237 2995 295 3061 ego
341 2976 489 3058 didicero,
529 2995 587 3059 pro
625 2974 749 3041 viribus
779 2977 859 3039 meis
897 2980 1004 3040 tecum
1038 2979 1165 3040 cantare
1199 2976 1355 3041 conabor:

236 3095 273 3154 tu
308 3089 415 3154 divitis
448 3089 587 3154 hominis
618 3089 720 3154 instar
751 3107 794 3173 es,
826 3090 880 3153 cui
912 3090 1020 3154 decem
1051 3090 1136 3154 tauri
1158 3090 1356 3175 totidemque

236 3222 351 3269 vaceae
374 3204 438 3268 sint
460 3203 681 3286 immolandae,
705 3222 755 3268 ms
773 3203 875 3268 solvet
897 3203 1049 3269 vitulus.’'
1071 3203 1237 3270 Hactenus
1249 3207 1357 3271 omnia

236 3317 330 3403 plena
363 3321 441 3381 sunt
471 3317 664 3382 venustatis:
690 3317 925 3401 elegantissimo
949 3318 1088 3402 quodam
1111 3317 1254 3402 artificio,
1277 3319 1356 3384 dum

236 3430 415 3495 Antonium
448 3435 484 3495 ut
517 3429 628 3495 laudes
663 3431 805 3514 Augusti
835 3430 972 3495 celebret
1002 3431 1154 3514 hortatur,
1185 3433 1254 3516 ipse
1278 3452 1357 3517 quo·

236 3543 405 3609 dammodo
439 3543 472 3607 id
495 3544 572 3607 facit
596 3543 681 3628 quod
706 3543 866 3609 sefacere
890 3564 953 3608 non
978 3563 1072 3629 posse
1095 3545 1199 3630 lepide
1224 3547 1356 3611 simula·

236 3659 290 3722 vit.
326 3655 397 3734 Quo
432 3659 533 3742 magis
565 3658 738 3722 dolendum
774 3659 861 3743 quod
893 3659 961 3723 sola
991 3659 1093 3742 vituli,
1125 3679 1189 3743 quo
1212 3667 1357 3744 venuste,

235 3775 400 3857 tamquam
428 3773 569 3856 imagine
598 3792 678 3836 usus
702 3778 759 3854 est,
784 3774 946 3838 mentione
969 3777 1140 3839 contentus
1163 3793 1229 3838 non
1251 3775 1356 3860 luerit,

270 4053 298 4121 l)
320 4054 425 4107 Bonum
449 4055 546 4106 lactum
570 4054 639 4120 quod
664 4055 763 4106 misella
786 4056 957 4122 Peerlkampii
974 4058 1120 4110 coniectura
1138 4059 1203 4110 Ille
1220 4075 1267 4124 pro
1285 4061 1358 4112 lule

234 4157 321 4199 carere
344 4147 397 4196 iam
420 4161 565 4211 possumus,
582 4146 716 4213 gratiaque
733 4147 891 4199 Mommscno
908 4150 1003 4214 quiex
1020 4151 1231 4214 inscriptionibus
1247 4152 1357 4204 effocent

235 4238 344 4290 iunioris
361 4237 467 4288 Antonii
485 4252 576 4288 verum
595 4252 751 4302 praenomen
769 4253 823 4290 esse
839 4240 952 4291 Iullus
970 4240 1130 4305 δισυλλάβως.
