2954 5130
759 512 801 582 98

225 701 366 767 refellere
388 721 462 767 eum
485 720 550 766 non
575 705 703 787 possim.
727 698 903 769 Horatiano
926 705 968 769 in
992 705 1107 770 votis
1132 727 1228 791 quam
1248 705 1350 774 ¹dissi·

225 816 397 881 millimum
420 835 491 882 esse
516 816 589 901 quis
612 837 678 882 non
701 818 813 884 videt?

269 979 327 1063 IV,
350 981 381 1066 2,
407 980 447 1042 ll
471 980 656 1065 Propertius
679 980 738 1045 hoe
763 980 857 1046 dicit:

358 1165 440 1231 Nam
465 1185 571 1251 neque
594 1168 797 1251 pyramidum
821 1173 969 1252 sumptus
993 1168 1033 1233 ad
1057 1169 1158 1235 sidera
1185 1169 1275 1235 ducti

402 1280 470 1347 Neo
492 1280 579 1346 Iovis
601 1280 673 1346 Elei
696 1281 819 1346 caelum
843 1283 967 1347 imitata
991 1282 1106 1348 domus

357 1393 425 1460 Noc
448 1394 604 1460 Mausolei
628 1396 717 1461 dives
739 1395 867 1460 fortuna
891 1395 1052 1480 sepulchri

403 1508 516 1575 Mortis
539 1510 578 1575 ab
601 1515 746 1575 extrema
769 1510 951 1576 conditione
974 1516 1097 1576 vacant

358 1623 428 1687 Aut
449 1623 514 1688 illis
536 1622 665 1688 flamma
687 1629 744 1689 aut
766 1623 868 1689 imber
891 1623 1050 1690 subducet
1072 1625 1220 1712 honoros,

402 1738 573 1803 Annorum
597 1743 654 1802 aut
675 1740 742 1803 ictu
764 1738 906 1823 pondera
929 1740 1013 1803 victa
1036 1744 1139 1805 ruent.

358 1850 403 1916 At
426 1870 491 1916 non
516 1853 645 1937 ingenio
670 1854 851 1935 quaesitum
875 1872 992 1917 nomen
1016 1853 1055 1918 ab
1079 1873 1157 1919 aevo

403 1965 555 2030 Excidet:
579 1967 709 2051 ingenio
733 1970 796 2031 stat
819 1968 889 2032 sine
912 1971 1013 2032 morte
1042 1967 1148 2033 docus.

225 2151 343 2218 Sedulo
366 2151 552 2218 adscribunt
576 2158 840 2219 commentatores
863 2153 1094 2219 Horatianum:

359 2337 463 2423 Exegi
487 2344 732 2404 monumentum
756 2358 828 2404 aere
851 2340 1035 2427 perennius,

225 2529 390 2610 tamquam
424 2524 546 2590 fontem
580 2544 622 2590 ex
656 2545 720 2610 quo
751 2526 803 2590 hic
835 2545 963 2610 quoque
986 2526 1126 2592 hauserit
1149 2526 1345 2612 Propertius.

227 2639 354 2725 Ergone
396 2645 507 2724 poetae
539 2638 651 2704 Latino
685 2659 750 2704 non
785 2641 860 2705 lieet
893 2639 1041 2705 vocabuli
1078 2641 1265 2725 pyramis
1300 2642 1350 2706 uti

225 2756 366 2840 genitivo
410 2753 534 2838 plurali,
577 2754 657 2839 quin
690 2755 725 2817 in
761 2755 976 2838 suspicionem
1012 2757 1155 2820 incurrat
1188 2757 1287 2840 plagii
1321 2757 1350 2821 si

229 2868 337 2934 eadem
372 2867 473 2932 forma
507 2873 538 2933 et
568 2867 644 2932 alibi
674 2868 881 2933 inveniatur?
911 2868 965 2932 An
991 2887 1055 2933 non
1078 2871 1183 2953 potuit
1205 2874 1270 2935 tota
1293 2867 1356 2935 illa

228 3001 295 3046 vox
315 2983 502 3066 pyramis
521 2981 696 3066 Propertio,
716 3000 781 3046 non
800 2982 990 3048 admonente
1010 2982 1153 3068 Horatio,
1165 2989 1241 3050 nota
1253 2986 1355 3051 essel‘

229 3095 291 3162 Sed
324 3098 388 3160 iam
422 3098 524 3160 unum
557 3094 640 3159 illud
674 3095 865 3160 vocabulum
901 3098 1036 3161 missum
1070 3097 1234 3182 faciamus,
1264 3103 1350 3164 totos

229 3211 316 3276 locos
338 3211 423 3275 inter
445 3229 479 3275 se
502 3228 733 3294 comparemus,
754 3211 800 3274 ita
824 3211 986 3295 apparebit
1009 3231 1074 3280 non
1095 3214 1238 3297 potuisse
1255 3212 1350 3280 facile

231 3325 310 3390 duas
346 3325 423 3389 alias
460 3343 512 3390 res
546 3324 720 3408 excogitari
752 3343 835 3408 quae
865 3326 966 3409 magIs
997 3326 1081 3390 inter
1112 3345 1146 3391 se
1178 3326 1349 3392 differrent

231 3436 315 3516 Quid
350 3439 461 3504 enim?
489 3437 561 3502 Hoc
583 3437 649 3503 fere
672 3437 750 3502 dicit
773 3438 977 3522 Propertius:
1005 3439 1145 3524 „Neque
1168 3441 1350 3525 pyramides

230 3573 335 3638 neque
368 3553 433 3618 nlla
464 3553 525 3617 alia
555 3569 773 3636 monumenta,
806 3554 953 3637 quamvis
976 3554 1042 3618 sint
1063 3574 1179 3640 magno
1202 3555 1310 3621 labore
1331 3572 1355 3622 e‘

232 3668 425 3734 solidissima
460 3669 591 3732 materie
621 3666 794 3751 aedificata,
825 3650 952 3733 aeterna
983 3674 1060 3734 sunt
1090 3673 1122 3736 et
1150 3671 1350 3736 immortalia.

231 3782 293 3848 Sed
308 3801 354 3846 ea
376 3782 477 3865 gloria
503 3781 587 3865 quod
611 3785 642 3845 te
662 3779 863 3845 celebrarunt
880 3786 991 3865 poetae
1011 3781 1100 3847 nulla
1119 3782 1171 3847 die
1183 3782 1349 3849 delebitur.

230 3895 343 3980 Neque
366 3896 400 3958 in
424 3895 613 3960 universum
638 3894 677 3960 de
700 3895 802 3979 podtis
826 3894 886 3959 hoo
909 3894 985 3960 dicit
1008 3895 1064 3960 sed
1085 3896 1123 3961 de
1144 3895 1350 3963 unaillorum

231 4010 344 4094 speeie.
364 4008 544 4072 Praemittit
568 4009 652 4072 enim
676 4007 892 4091 lepidissimos
911 4008 1006 4074 hosce
1027 4009 1212 4093 versiculos,
1223 4010 1259 4073 in
1279 4010 1352 4095 qui·

231 4122 292 4187 bus
327 4141 438 4188 eorum
473 4141 554 4206 quos
589 4121 685 4186 citari
717 4121 803 4186 inest
837 4127 1064 4207 argumentum
1095 4123 1130 4187 in
1153 4121 1250 4189 breve
1273 4143 1351 4189 con·

230 4241 390 4302 tractum:
