2954 5130
716 538 780 600 179

179 722 330 808 Denique
363 721 488 788 Horatii
523 741 662 808 carmen,
697 724 726 788 si
759 726 862 787 totum
896 727 1029 808 spectas,
1051 724 1302 789 commendabile

181 837 318 919 ridetur,
341 835 449 901 Ovidii
472 855 586 901 versus
608 841 868 901 ornamentorum
887 837 1039 901 varietate
1056 837 1158 901 risum
1171 841 1302 901 movent

182 952 507 1036 admirationemqne3
542 950 697 1016 Horatius
728 950 767 1015 ab
798 951 889 1015 initio
922 951 962 1016 ad
990 949 1087 1016 finem
1112 970 1211 1016 unam
1234 971 1301 1017 rem

183 1065 400 1130 demonstrare
433 1064 539 1130 studet
571 1063 697 1149 sibique
727 1066 762 1128 in
785 1082 822 1129 ea
845 1069 986 1147 constat;
1011 1062 1148 1130 Ovidius
1170 1083 1246 1130 voro
1269 1067 1302 1128 in

183 1186 371 1264 argumento
405 1197 464 1243 suo
497 1178 633 1260 lascivit
663 1182 700 1242 ut
728 1179 774 1242 ita
804 1177 925 1258 dicam3
959 1184 995 1242 ut
1023 1184 1072 1243 est
1094 1180 1163 1263 ipse
1185 1179 1303 1243 amoris

182 1293 299 1377 plenus
329 1292 373 1356 ita
403 1311 516 1357 rerum
547 1291 707 1375 quendam
738 1310 878 1356 amorem
910 1291 1030 1376 singuli
1052 1297 1210 1358 testantur
1235 1312 1304 1357 ora·

184 1407 281 1470 tionis
305 1404 446 1486 flosculi3
469 1405 767 1489 frequentissimum
787 1409 835 1469 est
854 1405 941 1488 apud
959 1405 1051 1469 illum
1071 1405 1104 1469 τὸ
1123 1403 1302 1486 rapinaer-

185 1517 291 1583 boaiaa
319 1517 472 1583 Omnium
495 1537 571 1583 vero
596 1517 824 1584 facetissimum
845 1518 974 1583 ridetur
992 1519 1078 1602 quod
1097 1521 1131 1583 in
1143 1518 1303 1585 finedioit.

123 1677 125 1680 -
185 1633 238 1699 Sic
261 1635 345 1698 enim
370 1633 517 1697 ancillam
542 1633 732 1716 alloquitur:
756 1630 861 1715 „Quid
881 1631 1129 1717 deliquissemus
1142 1633 1302 1699 dominam

185 1766 289 1812 meam
326 1753 480 1831 tuamque
511 1752 575 1811 tam
606 1745 742 1811 fideliter
770 1746 871 1810 celavi
902 1750 939 1810 ut
963 1747 1056 1810 etiam
1080 1747 1302 1811 iusiurandum

186 1861 327 1926 dederim
359 1860 407 1924 nil
435 1879 506 1925 esse
532 1879 631 1945 quare
653 1859 714 1924 tibi
737 1864 949 1924 succenseret.
973 1858 1068 1924 Nunc
1090 1861 1208 1925 iustam
1232 1882 1251 1925 a
1274 1866 1305 1926 te

189 1975 367 2041 mercedem
390 1973 508 2059 flagito,
531 1994 627 2059 quam
652 1975 680 2039 si
703 1975 830 2058 negaris

321 2122 457 2208 Quoque
478 2125 548 2189 loco
572 2129 678 2190 tecum
700 2124 816 2189 luerim
840 2125 1061 2208 quotiensque,
1085 2123 1227 2208 Cypassi,
1319 2199 1334 2214 .

365 2237 508 2303 Narrabo
533 2238 680 2302 dominae
704 2242 846 2322 quotque
870 2236 1054 2322 quibusque
1076 2236 1210 2301 modis.”

186 2401 273 2466 Illud
307 2406 413 2467 antem
448 2405 637 2485 quotque
666 2399 907 2485 quibusque
938 2400 1072 2465 modis
1102 2401 1196 2464 etiam
1221 2401 1306 2483 apud

188 2514 352 2581 Tibullum
377 2513 429 2598 (H,
453 2514 482 2597 6,
508 2515 561 2596 52)
583 2513 718 2598 legitur:

321 2677 411 2743 luno
433 2679 552 2743 morior
574 2679 669 2763 curis,
692 2683 770 2745 tuno
791 2697 883 2744 mens
906 2679 984 2743 mihi
1005 2679 1129 2764 perdita
1151 2679 1244 2766 fingit

367 2791 488 2870 Quisve
509 2812 611 2859 meam
636 2797 750 2877 teneat,
775 2799 854 2878 quot
876 2799 1022 2859 teneatue
1041 2795 1145 2860 modis

188 2963 220 3023 et
253 2976 379 3044 semper
412 2957 561 3022 omnibus
593 2956 694 3022 fuisse
727 2958 853 3022 oroticis
887 2956 1106 3023 Romanorum
1140 2961 1241 3044 poetis
1273 2961 1306 3023 in

190 3074 312 3140 deliciis
348 3074 420 3158 quis
453 3073 606 3158 negabit?
642 3072 704 3138 Sed
739 3093 836 3158 quam
867 3073 961 3157 plane
984 3093 1103 3138 novum
1129 3081 1186 3156 est,
1210 3094 1305 3158 quam

189 3207 264 3254 vere
300 3186 494 3252 Ouidianum
525 3187 611 3272 quod
634 3206 676 3251 ex
699 3206 736 3251 eo
761 3185 897 3251 Ovidius
918 3185 1002 3252 fecit.
1026 3184 1174 3270 Denique
1196 3207 1248 3252 res
1271 3206 1308 3252 eo

191 3302 273 3368 redit
296 3307 332 3367 ut
355 3300 541 3366 incredibile
565 3302 644 3365 mihi
666 3301 813 3365 videatur
836 3298 950 3364 Ovidio
974 3300 1104 3384 elegiam
1131 3301 1170 3364 ad
1191 3299 1308 3385 Cypas-

191 3417 292 3481 sidem
326 3414 477 3480 scribenti
510 3415 545 3478 in
580 3434 658 3479 aure
693 3415 744 3479 vel
776 3416 811 3478 in
847 3420 953 3479 mente
985 3413 1087 3479 fuisso
1116 3413 1239 3478 Horatii
1271 3414 1312 3479 de

191 3529 339 3612 Phyllide
362 3547 499 3593 carmon.

234 3642 284 3709 De
307 3662 435 3708 aurea
457 3646 597 3709 aetate
618 3661 729 3709 omnes
749 3642 814 3707 fere
824 3642 916 3706 latini
928 3647 1039 3727 poetae
1050 3643 1172 3727 aliquid
1184 3643 1310 3727 habent,

191 3759 418 3825 diversissimis
453 3758 532 3823 locis
565 3757 647 3822 illud
681 3757 833 3822 adhibent
866 3763 1097 3840 ornamentum,
1128 3758 1184 3823 sed
1206 3759 1251 3823 ita
1274 3765 1311 3823 ut

192 3873 347 3958 quaedam
390 3871 547 3936 vocabula
587 3877 619 3936 et
651 3869 812 3935 felicitatis
846 3871 992 3955 exempla
1024 3877 1191 3937 recurrant
1225 3873 1310 3956 apud

192 4006 311 4052 omnes.
346 3985 500 4051 Horatius
536 4003 665 4070 qnoque
699 3985 753 4049 illo
789 4004 868 4049 usus
902 3990 949 4049 est
983 3985 1081 4070 idque
1116 3986 1195 4069 (ipsa
1226 3986 1310 4050 enim

194 4102 351 4188 Zingerlei
374 4099 471 4167 verba
494 4099 653 4165 afferenda
676 4099 854 4179 videntnrl:
934 4081 935 4084 ¹

327 4253 386 4317 mit
417 4251 577 4317 manchon
600 4249 662 4316 den
685 4249 962 4336 diesbeziiglichen
987 4250 1170 4315 oridisohen
1193 4249 1311 4316 Stellen
