<?xml version="1.0" encoding="UTF-8"?>
<!DOCTYPE html PUBLIC "-//W3C//DTD XHTML 1.0 Transitional//EN"
    "http://www.w3.org/TR/xhtml1/DTD/xhtml1-transitional.dtd">
<html xmlns="http://www.w3.org/1999/xhtml" xml:lang="en" lang="en">
 <head>
  <title>
</title>
<meta http-equiv="Content-Type" content="text/html;charset=utf-8" />
  <meta name='ocr-system' content='tesseract 3.04.00' />
  <meta name='ocr-capabilities' content='ocr_page ocr_carea ocr_par ocr_line ocrx_word'/>
</head>
<body>
  <div class='ocr_page' id='page_1' title='image "./dehoratiopota00hartgoog_0111.png"; bbox 0 0 2954 5130; ppageno 0'>
   <div class='ocr_carea' id='block_1_1' title="bbox 748 531 810 595">
    <p class='ocr_par' dir='ltr' id='par_1_1' title="bbox 748 531 810 595">
     <span class='ocr_line' id='line_1_1' title="bbox 748 531 810 595; baseline -0.016 0"><span class='ocrx_word' id='word_1_1' title='bbox 748 531 810 595; x_wconf 90' lang='grc'>100</span> 
     </span>
    </p>
   </div>
   <div class='ocr_carea' id='block_1_2' title="bbox 219 714 1344 1372">
    <p class='ocr_par' dir='ltr' id='par_1_2' title="bbox 219 714 1344 1372">
     <span class='ocr_line' id='line_1_2' title="bbox 219 714 1339 800; baseline -0.003 -18"><span class='ocrx_word' id='word_1_2' title='bbox 219 717 276 783; x_wconf 90' lang='lat' dir='ltr'>tati</span> <span class='ocrx_word' id='word_1_3' title='bbox 299 722 331 783; x_wconf 90' lang='lat' dir='ltr'>et</span> <span class='ocrx_word' id='word_1_4' title='bbox 351 717 563 783; x_wconf 78' lang='lat' dir='ltr'><strong>immortalem</strong></span> <span class='ocrx_word' id='word_1_5' title='bbox 586 720 724 783; x_wconf 77' lang='lat' dir='ltr'><strong>assecuti</strong></span> <span class='ocrx_word' id='word_1_6' title='bbox 746 717 872 782; x_wconf 88' lang='lat' dir='ltr'>famam.</span> <span class='ocrx_word' id='word_1_7' title='bbox 901 716 983 800; x_wconf 86' lang='lat' dir='ltr'>„Sed</span> <span class='ocrx_word' id='word_1_8' title='bbox 1007 717 1070 781; x_wconf 90' lang='lat' dir='ltr'>alia</span> <span class='ocrx_word' id='word_1_9' title='bbox 1093 716 1164 781; x_wconf 91' lang='lat' dir='ltr'>aliis</span> <span class='ocrx_word' id='word_1_10' title='bbox 1188 715 1303 800; x_wconf 88' lang='lat' dir='ltr'>placen</span> <span class='ocrx_word' id='word_1_11' title='bbox 1319 714 1339 744; x_wconf 89' lang='lat'>’&#39;</span> 
     </span>
     <span class='ocr_line' id='line_1_3' title="bbox 219 828 1342 916; baseline -0.004 -20"><span class='ocrx_word' id='word_1_12' title='bbox 219 831 272 914; x_wconf 89' lang='lat' dir='ltr'>ait,</span> <span class='ocrx_word' id='word_1_13' title='bbox 309 832 407 913; x_wconf 88' lang='lat' dir='ltr'>,mihi</span> <span class='ocrx_word' id='word_1_14' title='bbox 437 831 572 896; x_wconf 90' lang='lat' dir='ltr'>humilia</span> <span class='ocrx_word' id='word_1_15' title='bbox 602 837 698 916; x_wconf 90' lang='lat' dir='ltr'>atque</span> <span class='ocrx_word' id='word_1_16' title='bbox 720 832 863 896; x_wconf 88' lang='lat' dir='ltr'>modesta</span> <span class='ocrx_word' id='word_1_17' title='bbox 886 832 988 916; x_wconf 89' lang='lat' dir='ltr'>magis</span> <span class='ocrx_word' id='word_1_18' title='bbox 1012 850 1110 915; x_wconf 89' lang='lat' dir='ltr'>quam</span> <span class='ocrx_word' id='word_1_19' title='bbox 1134 831 1261 895; x_wconf 84' lang='lat' dir='ltr'>excelsa</span> <span class='ocrx_word' id='word_1_20' title='bbox 1285 828 1342 893; x_wconf 89' lang='lat' dir='ltr'>illa</span> 
     </span>
     <span class='ocr_line' id='line_1_4' title="bbox 219 942 1339 1030; baseline 0.001 -22"><span class='ocrx_word' id='word_1_21' title='bbox 219 951 251 1009; x_wconf 91' lang='lat' dir='ltr'>et</span> <span class='ocrx_word' id='word_1_22' title='bbox 282 944 449 1029; x_wconf 89' lang='lat' dir='ltr'>magnifica</span> <span class='ocrx_word' id='word_1_23' title='bbox 472 943 643 1010; x_wconf 87' lang='lat' dir='ltr'>arrident”.</span> <span class='ocrx_word' id='word_1_24' title='bbox 667 945 780 1030; x_wconf 88' lang='lat' dir='ltr'>Neque</span> <span class='ocrx_word' id='word_1_25' title='bbox 804 946 864 1010; x_wconf 90' lang='lat' dir='ltr'>hoo</span> <span class='ocrx_word' id='word_1_26' title='bbox 888 947 934 1010; x_wconf 88' lang='lat' dir='ltr'>sic</span> <span class='ocrx_word' id='word_1_27' title='bbox 958 945 1147 1030; x_wconf 89' lang='lat' dir='ltr'>simphoiter</span> <span class='ocrx_word' id='word_1_28' title='bbox 1171 944 1256 1026; x_wconf 88' lang='lat' dir='ltr'>dicit,</span> <span class='ocrx_word' id='word_1_29' title='bbox 1282 942 1339 1009; x_wconf 91' lang='lat' dir='ltr'>sed</span> 
     </span>
     <span class='ocr_line' id='line_1_5' title="bbox 219 1057 1339 1153; baseline -0.002 -30"><span class='ocrx_word' id='word_1_30' title='bbox 219 1060 354 1144; x_wconf 77' lang='lat' dir='ltr'>egregiis</span> <span class='ocrx_word' id='word_1_31' title='bbox 385 1059 531 1153; x_wconf 87' lang='lat' dir='ltr'>versibus</span> <span class='ocrx_word' id='word_1_32' title='bbox 562 1060 601 1124; x_wconf 91' lang='lat' dir='ltr'>ad</span> <span class='ocrx_word' id='word_1_33' title='bbox 631 1061 739 1144; x_wconf 90' lang='lat' dir='ltr'>ipsum</span> <span class='ocrx_word' id='word_1_34' title='bbox 763 1064 914 1143; x_wconf 88' lang='lat' dir='ltr'>provocat</span> <span class='ocrx_word' id='word_1_35' title='bbox 937 1058 1170 1124; x_wconf 76' lang='lat' dir='ltr'>Maecenatem:</span> <span class='ocrx_word' id='word_1_36' title='bbox 1199 1061 1249 1140; x_wconf 87' lang='lat' dir='ltr'>„te</span> <span class='ocrx_word' id='word_1_37' title='bbox 1272 1057 1339 1121; x_wconf 90' lang='lat' dir='ltr'>tuis</span> 
     </span>
     <span class='ocr_line' id='line_1_6' title="bbox 220 1170 1341 1258; baseline -0.004 -21"><span class='ocrx_word' id='word_1_38' title='bbox 220 1173 375 1256; x_wconf 85' lang='lat' dir='ltr'>exemphs</span> <span class='ocrx_word' id='word_1_39' title='bbox 388 1192 538 1258; x_wconf 89' lang='lat' dir='ltr'>superare</span> <span class='ocrx_word' id='word_1_40' title='bbox 550 1174 680 1239; x_wconf 91' lang='lat' dir='ltr'>studeo:</span> <span class='ocrx_word' id='word_1_41' title='bbox 694 1179 730 1238; x_wconf 91' lang='lat' dir='ltr'>tu</span> <span class='ocrx_word' id='word_1_42' title='bbox 742 1175 771 1238; x_wconf 89' lang='lat' dir='ltr'>si</span> <span class='ocrx_word' id='word_1_43' title='bbox 783 1173 940 1238; x_wconf 82' lang='lat' dir='ltr'>voluisses</span> <span class='ocrx_word' id='word_1_44' title='bbox 952 1191 1010 1257; x_wconf 91' lang='lat' dir='ltr'>per</span> <span class='ocrx_word' id='word_1_45' title='bbox 1022 1171 1187 1247; x_wconf 82' lang='lat' dir='ltr'>Caesarem</span> <span class='ocrx_word' id='word_1_46' title='bbox 1201 1170 1241 1235; x_wconf 90' lang='lat' dir='ltr'>ad</span> <span class='ocrx_word' id='word_1_47' title='bbox 1253 1190 1341 1235; x_wconf 92' lang='lat' dir='ltr'>sum·</span> 
     </span>
     <span class='ocr_line' id='line_1_7' title="bbox 220 1283 1344 1372; baseline -0.003 -22"><span class='ocrx_word' id='word_1_48' title='bbox 220 1307 309 1352; x_wconf 91' lang='lat' dir='ltr'>mum</span> <span class='ocrx_word' id='word_1_49' title='bbox 328 1288 456 1372; x_wconf 89' lang='lat' dir='ltr'>gloriae,</span> <span class='ocrx_word' id='word_1_50' title='bbox 472 1287 585 1366; x_wconf 86' lang='lat' dir='ltr'>laudis,</span> <span class='ocrx_word' id='word_1_51' title='bbox 597 1287 727 1352; x_wconf 89' lang='lat' dir='ltr'>honoris</span> <span class='ocrx_word' id='word_1_52' title='bbox 738 1289 939 1372; x_wconf 83' lang='lat' dir='ltr'>pervenisses</span> <span class='ocrx_word' id='word_1_53' title='bbox 951 1286 1123 1372; x_wconf 88' lang='lat' dir='ltr'>fastigium.</span> <span class='ocrx_word' id='word_1_54' title='bbox 1136 1283 1208 1349; x_wconf 87' lang='lat' dir='ltr'>Non</span> <span class='ocrx_word' id='word_1_55' title='bbox 1223 1285 1273 1349; x_wconf 86' lang='lat' dir='ltr'>ris</span> <span class='ocrx_word' id='word_1_56' title='bbox 1286 1283 1344 1348; x_wconf 91' lang='lat' dir='ltr'>sed</span> 
     </span>
    </p>
   </div>
   <div class='ocr_carea' id='block_1_3' title="bbox 351 1435 1260 1635">
    <p class='ocr_par' dir='ltr' id='par_1_3' title="bbox 351 1435 1260 1635">
     <span class='ocr_line' id='line_1_8' title="bbox 351 1435 1260 1523; baseline -0.001 -23"><span class='ocrx_word' id='word_1_57' title='bbox 351 1437 460 1502; x_wconf 90' lang='lat' dir='ltr'>Parcis</span> <span class='ocrx_word' id='word_1_58' title='bbox 484 1443 515 1502; x_wconf 91' lang='lat' dir='ltr'>et</span> <span class='ocrx_word' id='word_1_59' title='bbox 537 1439 572 1501; x_wconf 92' lang='lat' dir='ltr'>in</span> <span class='ocrx_word' id='word_1_60' title='bbox 596 1442 708 1502; x_wconf 88' lang='lat' dir='ltr'>tennes</span> <span class='ocrx_word' id='word_1_61' title='bbox 731 1437 886 1502; x_wconf 91' lang='lat' dir='ltr'>humilem</span> <span class='ocrx_word' id='word_1_62' title='bbox 908 1443 941 1503; x_wconf 87' lang='lat' dir='ltr'>te</span> <span class='ocrx_word' id='word_1_63' title='bbox 965 1436 1088 1523; x_wconf 80' lang='lat' dir='ltr'>colligis</span> <span class='ocrx_word' id='word_1_64' title='bbox 1112 1435 1260 1501; x_wconf 90' lang='lat' dir='ltr'>umbras:</span> 
     </span>
     <span class='ocr_line' id='line_1_9' title="bbox 398 1551 1086 1635; baseline -0.001 -20"><span class='ocrx_word' id='word_1_65' title='bbox 398 1551 552 1627; x_wconf 89' lang='lat' dir='ltr'>Velorum</span> <span class='ocrx_word' id='word_1_66' title='bbox 574 1552 686 1635; x_wconf 91' lang='lat' dir='ltr'>plenos</span> <span class='ocrx_word' id='word_1_67' title='bbox 710 1551 870 1616; x_wconf 83' lang='lat' dir='ltr'>subtrahis</span> <span class='ocrx_word' id='word_1_68' title='bbox 893 1553 962 1635; x_wconf 92' lang='lat' dir='ltr'>ipse</span> <span class='ocrx_word' id='word_1_69' title='bbox 984 1553 1086 1615; x_wconf 91' lang='lat' dir='ltr'>sinus.</span> 
     </span>
    </p>
   </div>
   <div class='ocr_carea' id='block_1_4' title="bbox 220 1700 1345 3492">
    <p class='ocr_par' dir='ltr' id='par_1_4' title="bbox 220 1700 1345 3492">
     <span class='ocr_line' id='line_1_10' title="bbox 265 1700 1339 1787; baseline -0.002 -22"><span class='ocrx_word' id='word_1_70' title='bbox 265 1701 384 1767; x_wconf 84' lang='lat' dir='ltr'>Eadem</span> <span class='ocrx_word' id='word_1_71' title='bbox 419 1703 542 1767; x_wconf 89' lang='lat' dir='ltr'>ratione</span> <span class='ocrx_word' id='word_1_72' title='bbox 572 1721 630 1787; x_wconf 89' lang='lat' dir='ltr'>ego</span> <span class='ocrx_word' id='word_1_73' title='bbox 663 1701 745 1766; x_wconf 86' lang='lat' dir='ltr'>bella</span> <span class='ocrx_word' id='word_1_74' title='bbox 767 1701 900 1766; x_wconf 90' lang='lat' dir='ltr'>heroum</span> <span class='ocrx_word' id='word_1_75' title='bbox 923 1720 988 1765; x_wconf 92' lang='lat' dir='ltr'>non</span> <span class='ocrx_word' id='word_1_76' title='bbox 1012 1701 1143 1785; x_wconf 79' lang='lat' dir='ltr'>attinge,</span> <span class='ocrx_word' id='word_1_77' title='bbox 1167 1700 1206 1766; x_wconf 93' lang='lat' dir='ltr'>de</span> <span class='ocrx_word' id='word_1_78' title='bbox 1229 1717 1339 1764; x_wconf 89' lang='lat' dir='ltr'>amore</span> 
     </span>
     <span class='ocr_line' id='line_1_11' title="bbox 220 1813 1341 1900; baseline -0.001 -21"><span class='ocrx_word' id='word_1_79' title='bbox 220 1834 299 1880; x_wconf 89' lang='lat' dir='ltr'>cano</span> <span class='ocrx_word' id='word_1_80' title='bbox 331 1817 472 1880; x_wconf 89' lang='lat' dir='ltr'>carmina</span> <span class='ocrx_word' id='word_1_81' title='bbox 502 1816 594 1898; x_wconf 83' lang='lat' dir='ltr'>levia,</span> <span class='ocrx_word' id='word_1_82' title='bbox 624 1816 716 1880; x_wconf 93' lang='lat' dir='ltr'>humi</span> <span class='ocrx_word' id='word_1_83' title='bbox 738 1817 888 1900; x_wconf 89' lang='lat' dir='ltr'>repentia,</span> <span class='ocrx_word' id='word_1_84' title='bbox 913 1834 995 1899; x_wconf 91' lang='lat' dir='ltr'>quae</span> <span class='ocrx_word' id='word_1_85' title='bbox 1018 1817 1046 1880; x_wconf 90' lang='lat' dir='ltr'>si</span> <span class='ocrx_word' id='word_1_86' title='bbox 1070 1814 1253 1880; x_wconf 89' lang='lat' dir='ltr'>amantibus</span> <span class='ocrx_word' id='word_1_87' title='bbox 1275 1813 1341 1898; x_wconf 89' lang='lat' dir='ltr'>pla-</span> 
     </span>
     <span class='ocr_line' id='line_1_12' title="bbox 221 1928 1342 2014; baseline -0.003 -21"><span class='ocrx_word' id='word_1_88' title='bbox 221 1930 346 1994; x_wconf 88' lang='lat' dir='ltr'>cuerint</span> <span class='ocrx_word' id='word_1_89' title='bbox 366 1929 543 2014; x_wconf 87' lang='lat' dir='ltr'>gaudebo.’&#39;</span> <span class='ocrx_word' id='word_1_90' title='bbox 566 1929 666 1994; x_wconf 86' lang='lat' dir='ltr'>Vides</span> <span class='ocrx_word' id='word_1_91' title='bbox 690 1950 787 2014; x_wconf 91' lang='lat' dir='ltr'>quam</span> <span class='ocrx_word' id='word_1_92' title='bbox 812 1931 930 1994; x_wconf 90' lang='lat' dir='ltr'>sintin</span> <span class='ocrx_word' id='word_1_93' title='bbox 951 1933 1017 1993; x_wconf 89' lang='lat' dir='ltr'>toto</span> <span class='ocrx_word' id='word_1_94' title='bbox 1037 1928 1097 1993; x_wconf 89' lang='lat' dir='ltr'>hoo</span> <span class='ocrx_word' id='word_1_95' title='bbox 1110 1928 1342 1993; x_wconf 89' lang='lat' dir='ltr'>sententiarum</span> 
     </span>
     <span class='ocr_line' id='line_1_13' title="bbox 221 2041 1343 2128; baseline -0.003 -21"><span class='ocrx_word' id='word_1_96' title='bbox 221 2042 356 2109; x_wconf 89' lang='lat' dir='ltr'>decursu</span> <span class='ocrx_word' id='word_1_97' title='bbox 380 2045 494 2128; x_wconf 91' lang='lat' dir='ltr'>lepida,</span> <span class='ocrx_word' id='word_1_98' title='bbox 516 2043 626 2127; x_wconf 88' lang='lat' dir='ltr'>faceta,</span> <span class='ocrx_word' id='word_1_99' title='bbox 649 2050 785 2108; x_wconf 86' lang='lat' dir='ltr'>venusta</span> <span class='ocrx_word' id='word_1_100' title='bbox 810 2045 925 2107; x_wconf 92' lang='lat' dir='ltr'>omnia.</span> <span class='ocrx_word' id='word_1_101' title='bbox 950 2042 1038 2107; x_wconf 91' lang='lat' dir='ltr'>Nihil</span> <span class='ocrx_word' id='word_1_102' title='bbox 1060 2041 1283 2107; x_wconf 89' lang='lat' dir='ltr'>huiuscemodi</span> <span class='ocrx_word' id='word_1_103' title='bbox 1307 2041 1343 2105; x_wconf 93' lang='lat' dir='ltr'>in</span> 
     </span>
     <span class='ocr_line' id='line_1_14' title="bbox 220 2153 1343 2246; baseline -0.003 -24"><span class='ocrx_word' id='word_1_104' title='bbox 220 2156 345 2246; x_wconf 91' lang='lat' dir='ltr'>Horatii</span> <span class='ocrx_word' id='word_1_105' title='bbox 369 2159 509 2223; x_wconf 80' lang='lat' dir='ltr'>carmine</span> <span class='ocrx_word' id='word_1_106' title='bbox 532 2163 595 2228; x_wconf 86' lang='lat' dir='ltr'>est:</span> <span class='ocrx_word' id='word_1_107' title='bbox 619 2157 673 2222; x_wconf 94' lang='lat' dir='ltr'>ille</span> <span class='ocrx_word' id='word_1_108' title='bbox 692 2159 787 2241; x_wconf 90' lang='lat' dir='ltr'>enim,</span> <span class='ocrx_word' id='word_1_109' title='bbox 806 2163 971 2241; x_wconf 89' lang='lat' dir='ltr'>tamquam</span> <span class='ocrx_word' id='word_1_110' title='bbox 991 2158 1019 2221; x_wconf 93' lang='lat' dir='ltr'>si</span> <span class='ocrx_word' id='word_1_111' title='bbox 1039 2157 1165 2222; x_wconf 87' lang='lat' dir='ltr'>satiram</span> <span class='ocrx_word' id='word_1_112' title='bbox 1180 2153 1343 2239; x_wconf 82' lang='lat' dir='ltr'>scriberet,</span> 
     </span>
     <span class='ocr_line' id='line_1_15' title="bbox 222 2269 1343 2357; baseline -0.002 -21"><span class='ocrx_word' id='word_1_113' title='bbox 222 2292 318 2357; x_wconf 93' lang='lat' dir='ltr'>quam</span> <span class='ocrx_word' id='word_1_114' title='bbox 342 2273 430 2337; x_wconf 85' lang='lat' dir='ltr'>varia</span> <span class='ocrx_word' id='word_1_115' title='bbox 453 2275 518 2337; x_wconf 91' lang='lat' dir='ltr'>sint</span> <span class='ocrx_word' id='word_1_116' title='bbox 540 2273 705 2336; x_wconf 93' lang='lat' dir='ltr'>hominum</span> <span class='ocrx_word' id='word_1_117' title='bbox 729 2271 844 2354; x_wconf 89' lang='lat' dir='ltr'>studia,</span> <span class='ocrx_word' id='word_1_118' title='bbox 865 2291 962 2356; x_wconf 91' lang='lat' dir='ltr'>quam</span> <span class='ocrx_word' id='word_1_119' title='bbox 981 2272 1078 2336; x_wconf 82' lang='lat' dir='ltr'>variis</span> <span class='ocrx_word' id='word_1_120' title='bbox 1098 2269 1343 2335; x_wconf 90' lang='lat' dir='ltr'>modislaudem</span> 
     </span>
     <span class='ocr_line' id='line_1_16' title="bbox 221 2383 1343 2470; baseline -0.002 -21"><span class='ocrx_word' id='word_1_121' title='bbox 221 2389 327 2450; x_wconf 90' lang='lat' dir='ltr'>tamen</span> <span class='ocrx_word' id='word_1_122' title='bbox 352 2405 462 2450; x_wconf 92' lang='lat' dir='ltr'>omnes</span> <span class='ocrx_word' id='word_1_123' title='bbox 487 2390 641 2470; x_wconf 88' lang='lat' dir='ltr'>quaerant</span> <span class='ocrx_word' id='word_1_124' title='bbox 664 2385 715 2450; x_wconf 87' lang='lat' dir='ltr'>vel</span> <span class='ocrx_word' id='word_1_125' title='bbox 736 2385 864 2450; x_wconf 90' lang='lat' dir='ltr'>lucrum</span> <span class='ocrx_word' id='word_1_126' title='bbox 888 2386 1027 2468; x_wconf 84' lang='lat' dir='ltr'>exponit.</span> <span class='ocrx_word' id='word_1_127' title='bbox 1048 2383 1343 2448; x_wconf 90' lang='lat' dir='ltr'>Primariumenim</span> 
     </span>
     <span class='ocr_line' id='line_1_17' title="bbox 220 2498 1342 2584; baseline -0.002 -21"><span class='ocrx_word' id='word_1_128' title='bbox 220 2499 317 2564; x_wconf 92' lang='lat' dir='ltr'>huius</span> <span class='ocrx_word' id='word_1_129' title='bbox 350 2502 500 2564; x_wconf 87' lang='lat' dir='ltr'>carminis</span> <span class='ocrx_word' id='word_1_130' title='bbox 524 2504 750 2584; x_wconf 89' lang='lat' dir='ltr'>argumentum</span> <span class='ocrx_word' id='word_1_131' title='bbox 773 2519 838 2563; x_wconf 92' lang='lat' dir='ltr'>non</span> <span class='ocrx_word' id='word_1_132' title='bbox 861 2503 966 2583; x_wconf 89' lang='lat' dir='ltr'>potest</span> <span class='ocrx_word' id='word_1_133' title='bbox 989 2518 1054 2563; x_wconf 92' lang='lat' dir='ltr'>non</span> <span class='ocrx_word' id='word_1_134' title='bbox 1078 2498 1188 2563; x_wconf 88' lang='lat' dir='ltr'>lectori</span> <span class='ocrx_word' id='word_1_135' title='bbox 1211 2499 1342 2562; x_wconf 88' lang='lat' dir='ltr'>satiram</span> 
     </span>
     <span class='ocr_line' id='line_1_18' title="bbox 221 2612 1343 2698; baseline -0.003 -19"><span class='ocrx_word' id='word_1_136' title='bbox 221 2615 364 2679; x_wconf 90' lang='lat' dir='ltr'>eiusdem</span> <span class='ocrx_word' id='word_1_137' title='bbox 399 2619 510 2698; x_wconf 73' lang='lat' dir='ltr'>poetae</span> <span class='ocrx_word' id='word_1_138' title='bbox 544 2615 680 2698; x_wconf 91' lang='lat' dir='ltr'>primam</span> <span class='ocrx_word' id='word_1_139' title='bbox 712 2615 745 2678; x_wconf 93' lang='lat' dir='ltr'>in</span> <span class='ocrx_word' id='word_1_140' title='bbox 778 2619 914 2678; x_wconf 89' lang='lat' dir='ltr'>mentem</span> <span class='ocrx_word' id='word_1_141' title='bbox 947 2632 1068 2678; x_wconf 86' lang='lat' dir='ltr'>vocare.</span> <span class='ocrx_word' id='word_1_142' title='bbox 1099 2612 1238 2676; x_wconf 83' lang='lat' dir='ltr'>Tandem</span> <span class='ocrx_word' id='word_1_143' title='bbox 1269 2615 1343 2696; x_wconf 92' lang='lat' dir='ltr'>post</span> 
     </span>
     <span class='ocr_line' id='line_1_19' title="bbox 220 2725 1342 2812; baseline -0.002 -21"><span class='ocrx_word' id='word_1_144' title='bbox 220 2727 349 2812; x_wconf 86' lang='lat' dir='ltr'>longam</span> <span class='ocrx_word' id='word_1_145' title='bbox 384 2729 654 2793; x_wconf 86' lang='lat' dir='ltr'>enumerationem</span> <span class='ocrx_word' id='word_1_146' title='bbox 689 2728 766 2794; x_wconf 89' lang='lat' dir='ltr'>haec</span> <span class='ocrx_word' id='word_1_147' title='bbox 797 2727 900 2792; x_wconf 90' lang='lat' dir='ltr'>addit:</span> <span class='ocrx_word' id='word_1_148' title='bbox 935 2726 1003 2809; x_wconf 89' lang='lat' dir='ltr'>„Ita</span> <span class='ocrx_word' id='word_1_149' title='bbox 1026 2745 1113 2789; x_wconf 91' lang='lat' dir='ltr'>nunc</span> <span class='ocrx_word' id='word_1_150' title='bbox 1138 2744 1196 2810; x_wconf 89' lang='lat' dir='ltr'>ego</span> <span class='ocrx_word' id='word_1_151' title='bbox 1219 2725 1342 2807; x_wconf 87' lang='lat' dir='ltr'>lyricus</span> 
     </span>
     <span class='ocr_line' id='line_1_20' title="bbox 223 2836 1342 2926; baseline -0.003 -21"><span class='ocrx_word' id='word_1_152' title='bbox 223 2842 330 2905; x_wconf 81' lang='lat' dir='ltr'>vocari</span> <span class='ocrx_word' id='word_1_153' title='bbox 352 2847 444 2926; x_wconf 71' lang='lat' dir='ltr'>polita</span> <span class='ocrx_word' id='word_1_154' title='bbox 465 2843 569 2925; x_wconf 88' lang='lat' dir='ltr'>cupio,</span> <span class='ocrx_word' id='word_1_155' title='bbox 589 2842 628 2906; x_wconf 94' lang='lat' dir='ltr'>ad</span> <span class='ocrx_word' id='word_1_156' title='bbox 650 2842 733 2906; x_wconf 90' lang='lat' dir='ltr'>hanc</span> <span class='ocrx_word' id='word_1_157' title='bbox 760 2861 818 2926; x_wconf 90' lang='lat' dir='ltr'>ego</span> <span class='ocrx_word' id='word_1_158' title='bbox 841 2840 969 2905; x_wconf 89' lang='lat' dir='ltr'>laudem</span> <span class='ocrx_word' id='word_1_159' title='bbox 993 2841 1068 2905; x_wconf 88' lang='lat' dir='ltr'>totis</span> <span class='ocrx_word' id='word_1_160' title='bbox 1090 2836 1342 2903; x_wconf 86' lang='lat' dir='ltr'>nitorviribus’&#39;.</span> 
     </span>
     <span class='ocr_line' id='line_1_21' title="bbox 222 2952 1343 3040; baseline -0.004 -20"><span class='ocrx_word' id='word_1_161' title='bbox 222 2954 319 3021; x_wconf 88' lang='lat' dir='ltr'>Recte</span> <span class='ocrx_word' id='word_1_162' title='bbox 339 2974 414 3040; x_wconf 89' lang='lat' dir='ltr'>ergo</span> <span class='ocrx_word' id='word_1_163' title='bbox 430 2954 646 3020; x_wconf 88' lang='lat' dir='ltr'>Horatianum</span> <span class='ocrx_word' id='word_1_164' title='bbox 667 2956 773 3021; x_wconf 90' lang='lat' dir='ltr'>locum</span> <span class='ocrx_word' id='word_1_165' title='bbox 786 2955 993 3038; x_wconf 89' lang='lat' dir='ltr'>Propertiano</span> <span class='ocrx_word' id='word_1_166' title='bbox 1007 2972 1147 3038; x_wconf 91' lang='lat' dir='ltr'>opponas</span> <span class='ocrx_word' id='word_1_167' title='bbox 1159 2953 1198 3016; x_wconf 91' lang='lat' dir='ltr'>ad</span> <span class='ocrx_word' id='word_1_168' title='bbox 1212 2952 1343 3017; x_wconf 92' lang='lat' dir='ltr'>demon·</span> 
     </span>
     <span class='ocr_line' id='line_1_22' title="bbox 223 3069 1343 3157; baseline -0.002 -23"><span class='ocrx_word' id='word_1_169' title='bbox 223 3070 389 3135; x_wconf 89' lang='lat' dir='ltr'>strandum</span> <span class='ocrx_word' id='word_1_170' title='bbox 421 3091 518 3154; x_wconf 87' lang='lat' dir='ltr'>qnam</span> <span class='ocrx_word' id='word_1_171' title='bbox 550 3073 591 3135; x_wconf 90' lang='lat' dir='ltr'>sit</span> <span class='ocrx_word' id='word_1_172' title='bbox 621 3071 734 3136; x_wconf 88' lang='lat' dir='ltr'>horum</span> <span class='ocrx_word' id='word_1_173' title='bbox 759 3076 923 3157; x_wconf 67' lang='lat' dir='ltr'>poetarum</span> <span class='ocrx_word' id='word_1_174' title='bbox 949 3074 1064 3134; x_wconf 91' lang='lat' dir='ltr'>natura</span> <span class='ocrx_word' id='word_1_175' title='bbox 1087 3069 1221 3152; x_wconf 87' lang='lat' dir='ltr'>diversa,</span> <span class='ocrx_word' id='word_1_176' title='bbox 1245 3087 1343 3153; x_wconf 91' lang='lat' dir='ltr'>quam</span> 
     </span>
     <span class='ocr_line' id='line_1_23' title="bbox 223 3182 1345 3268; baseline 0.001 -21"><span class='ocrx_word' id='word_1_177' title='bbox 223 3184 304 3248; x_wconf 92' lang='lat' dir='ltr'>nihil</span> <span class='ocrx_word' id='word_1_178' title='bbox 327 3204 498 3250; x_wconf 91' lang='lat' dir='ltr'>commune</span> <span class='ocrx_word' id='word_1_179' title='bbox 521 3185 674 3250; x_wconf 87' lang='lat' dir='ltr'>habeant:</span> <span class='ocrx_word' id='word_1_180' title='bbox 700 3186 808 3251; x_wconf 95' lang='lat' dir='ltr'>eadem</span> <span class='ocrx_word' id='word_1_181' title='bbox 834 3187 920 3251; x_wconf 92' lang='lat' dir='ltr'>enim</span> <span class='ocrx_word' id='word_1_182' title='bbox 944 3183 1108 3267; x_wconf 82' lang='lat' dir='ltr'>vocabula,</span> <span class='ocrx_word' id='word_1_183' title='bbox 1132 3182 1345 3268; x_wconf 89' lang='lat' dir='ltr'>quibusalter</span> 
     </span>
     <span class='ocr_line' id='line_1_24' title="bbox 224 3296 1344 3383; baseline -0.003 -20"><span class='ocrx_word' id='word_1_184' title='bbox 224 3317 304 3363; x_wconf 91' lang='lat' dir='ltr'>usus</span> <span class='ocrx_word' id='word_1_185' title='bbox 335 3303 392 3382; x_wconf 86' lang='lat' dir='ltr'>est,</span> <span class='ocrx_word' id='word_1_186' title='bbox 424 3300 451 3363; x_wconf 90' lang='lat' dir='ltr'>si</span> <span class='ocrx_word' id='word_1_187' title='bbox 475 3300 568 3364; x_wconf 88' lang='lat' dir='ltr'>etiam</span> <span class='ocrx_word' id='word_1_188' title='bbox 594 3299 633 3364; x_wconf 88' lang='lat' dir='ltr'>ab</span> <span class='ocrx_word' id='word_1_189' title='bbox 657 3300 755 3365; x_wconf 88' lang='lat' dir='ltr'>altero</span> <span class='ocrx_word' id='word_1_190' title='bbox 779 3299 980 3383; x_wconf 88' lang='lat' dir='ltr'>adhibentur,</span> <span class='ocrx_word' id='word_1_191' title='bbox 1003 3297 1197 3362; x_wconf 90' lang='lat' dir='ltr'>contrarium</span> <span class='ocrx_word' id='word_1_192' title='bbox 1222 3296 1344 3382; x_wconf 89' lang='lat' dir='ltr'>signifi-</span> 
     </span>
     <span class='ocr_line' id='line_1_25' title="bbox 223 3412 857 3492; baseline 0.005 -16"><span class='ocrx_word' id='word_1_193' title='bbox 223 3430 295 3477; x_wconf 89' lang='lat' dir='ltr'>care</span> <span class='ocrx_word' id='word_1_194' title='bbox 317 3412 468 3478; x_wconf 80' lang='lat' dir='ltr'>ridentur</span> <span class='ocrx_word' id='word_1_195' title='bbox 480 3417 513 3492; x_wconf 88' lang='lat'>1).</span> <span class='ocrx_word' id='word_1_196' title='bbox 854 3412 857 3417; x_wconf 72' lang='grc'><strong><em>’</em></strong></span> 
     </span>
    </p>
   </div>
   <div class='ocr_carea' id='block_1_5' title="bbox 257 3669 1108 3856">
    <p class='ocr_par' dir='ltr' id='par_1_5' title="bbox 257 3669 1108 3856">
     <span class='ocr_line' id='line_1_26' title="bbox 257 3669 884 3739; baseline 0.005 -18"><span class='ocrx_word' id='word_1_197' title='bbox 257 3669 285 3739; x_wconf 87' lang='lat' dir='ltr'>l)</span> <span class='ocrx_word' id='word_1_198' title='bbox 303 3671 463 3738; x_wconf 81' lang='lat' dir='ltr'>Propertiani</span> <span class='ocrx_word' id='word_1_199' title='bbox 481 3673 603 3724; x_wconf 83' lang='lat' dir='ltr'>carminis</span> <span class='ocrx_word' id='word_1_200' title='bbox 619 3674 669 3726; x_wconf 87' lang='lat' dir='ltr'>hoc</span> <span class='ocrx_word' id='word_1_201' title='bbox 684 3679 723 3726; x_wconf 84' lang='lat' dir='ltr'>est</span> <span class='ocrx_word' id='word_1_202' title='bbox 737 3674 884 3726; x_wconf 87' lang='lat' dir='ltr'>exordium:</span> 
     </span>
     <span class='ocr_line' id='line_1_27' title="bbox 442 3787 1108 3856; baseline 0.003 -18"><span class='ocrx_word' id='word_1_203' title='bbox 442 3787 581 3853; x_wconf 85' lang='lat' dir='ltr'>Maecenas,</span> <span class='ocrx_word' id='word_1_204' title='bbox 598 3803 677 3856; x_wconf 87' lang='lat' dir='ltr'>eques</span> <span class='ocrx_word' id='word_1_205' title='bbox 696 3788 803 3840; x_wconf 87' lang='lat' dir='ltr'>Etrusco</span> <span class='ocrx_word' id='word_1_206' title='bbox 819 3789 851 3840; x_wconf 90' lang='lat' dir='ltr'>de</span> <span class='ocrx_word' id='word_1_207' title='bbox 867 3789 993 3856; x_wconf 82' lang='lat' dir='ltr'>sangnine</span> <span class='ocrx_word' id='word_1_208' title='bbox 1009 3804 1108 3856; x_wconf 85' lang='lat' dir='ltr'>regum.</span> 
     </span>
    </p>
   </div>
   <div class='ocr_carea' id='block_1_6' title="bbox 225 3902 1346 4338">
    <p class='ocr_par' dir='ltr' id='par_1_6' title="bbox 225 3902 1346 4338">
     <span class='ocr_line' id='line_1_28' title="bbox 226 3902 1345 3972; baseline 0.004 -18"><span class='ocrx_word' id='word_1_209' title='bbox 226 3902 283 3964; x_wconf 85' lang='lat' dir='ltr'>Quo</span> <span class='ocrx_word' id='word_1_210' title='bbox 300 3918 351 3955; x_wconf 90' lang='lat' dir='ltr'>non</span> <span class='ocrx_word' id='word_1_211' title='bbox 371 3918 431 3955; x_wconf 86' lang='lat' dir='ltr'>usos</span> <span class='ocrx_word' id='word_1_212' title='bbox 446 3919 501 3955; x_wconf 87' lang='lat' dir='ltr'>esse</span> <span class='ocrx_word' id='word_1_213' title='bbox 517 3905 586 3955; x_wconf 79' lang='lat' dir='ltr'>viros</span> <span class='ocrx_word' id='word_1_214' title='bbox 601 3905 687 3956; x_wconf 83' lang='lat' dir='ltr'>doctos</span> <span class='ocrx_word' id='word_1_215' title='bbox 704 3905 735 3955; x_wconf 90' lang='lat' dir='ltr'>ad</span> <span class='ocrx_word' id='word_1_216' title='bbox 749 3905 978 3957; x_wconf 83' lang='lat' dir='ltr'>demonstrandum</span> <span class='ocrx_word' id='word_1_217' title='bbox 992 3920 1067 3971; x_wconf 87' lang='lat' dir='ltr'>saepe</span> <span class='ocrx_word' id='word_1_218' title='bbox 1080 3906 1213 3972; x_wconf 88' lang='lat' dir='ltr'>Propertio</span> <span class='ocrx_word' id='word_1_219' title='bbox 1222 3906 1345 3958; x_wconf 85' lang='lat' dir='ltr'>scribenti</span> 
     </span>
     <span class='ocr_line' id='line_1_29' title="bbox 226 3996 1346 4063; baseline 0.004 -17"><span class='ocrx_word' id='word_1_220' title='bbox 226 4009 316 4046; x_wconf 87' lang='lat' dir='ltr'>versus</span> <span class='ocrx_word' id='word_1_221' title='bbox 339 3996 448 4048; x_wconf 89' lang='lat' dir='ltr'>alicuius</span> <span class='ocrx_word' id='word_1_222' title='bbox 471 3996 604 4048; x_wconf 88' lang='lat' dir='ltr'>Horatiani</span> <span class='ocrx_word' id='word_1_223' title='bbox 626 3998 653 4048; x_wconf 91' lang='lat' dir='ltr'>in</span> <span class='ocrx_word' id='word_1_224' title='bbox 672 4002 787 4049; x_wconf 88' lang='lat' dir='ltr'>mentem</span> <span class='ocrx_word' id='word_1_225' title='bbox 805 3998 904 4049; x_wconf 86' lang='lat' dir='ltr'>venisse</span> <span class='ocrx_word' id='word_1_226' title='bbox 920 3998 1036 4063; x_wconf 86' lang='lat' dir='ltr'>impense</span> <span class='ocrx_word' id='word_1_227' title='bbox 1052 3999 1140 4050; x_wconf 82' lang='lat' dir='ltr'>laetor.</span> <span class='ocrx_word' id='word_1_228' title='bbox 1158 3999 1346 4051; x_wconf 83' lang='lat' dir='ltr'>Intellexerunt</span> 
     </span>
     <span class='ocr_line' id='line_1_30' title="bbox 225 4086 1344 4156; baseline 0.005 -20"><span class='ocrx_word' id='word_1_229' title='bbox 225 4086 304 4147; x_wconf 84' lang='lat' dir='ltr'>enim,</span> <span class='ocrx_word' id='word_1_230' title='bbox 322 4091 352 4137; x_wconf 84' lang='lat' dir='ltr'>ut</span> <span class='ocrx_word' id='word_1_231' title='bbox 369 4087 466 4151; x_wconf 87' lang='lat' dir='ltr'>opinor,</span> <span class='ocrx_word' id='word_1_232' title='bbox 484 4101 568 4152; x_wconf 88' lang='lat' dir='ltr'>quum</span> <span class='ocrx_word' id='word_1_233' title='bbox 586 4088 664 4139; x_wconf 83' lang='lat' dir='ltr'>semel</span> <span class='ocrx_word' id='word_1_234' title='bbox 680 4088 758 4139; x_wconf 83' lang='lat' dir='ltr'>luerit</span> <span class='ocrx_word' id='word_1_235' title='bbox 774 4089 872 4155; x_wconf 85' lang='lat' dir='ltr'>origine</span> <span class='ocrx_word' id='word_1_236' title='bbox 888 4089 957 4156; x_wconf 89' lang='lat' dir='ltr'>regia</span> <span class='ocrx_word' id='word_1_237' title='bbox 973 4093 999 4141; x_wconf 86' lang='lat' dir='ltr'>et</span> <span class='ocrx_word' id='word_1_238' title='bbox 1016 4089 1124 4140; x_wconf 83' lang='lat' dir='ltr'>Etrusca</span> <span class='ocrx_word' id='word_1_239' title='bbox 1141 4089 1280 4153; x_wconf 86' lang='lat' dir='ltr'>Maecenas,</span> <span class='ocrx_word' id='word_1_240' title='bbox 1289 4105 1344 4142; x_wconf 89' lang='lat' dir='ltr'>non</span> 
     </span>
     <span class='ocr_line' id='line_1_31' title="bbox 225 4169 1343 4247; baseline 0.004 -19"><span class='ocrx_word' id='word_1_241' title='bbox 225 4179 339 4243; x_wconf 87' lang='lat' dir='ltr'>potuisse</span> <span class='ocrx_word' id='word_1_242' title='bbox 363 4180 482 4243; x_wconf 86' lang='lat' dir='ltr'>aequales</span> <span class='ocrx_word' id='word_1_243' title='bbox 499 4183 592 4245; x_wconf 74' lang='lat' dir='ltr'>poetas,</span> <span class='ocrx_word' id='word_1_244' title='bbox 611 4180 657 4244; x_wconf 89' lang='lat' dir='ltr'>qui</span> <span class='ocrx_word' id='word_1_245' title='bbox 673 4179 813 4232; x_wconf 83' lang='lat' dir='ltr'>honorilice</span> <span class='ocrx_word' id='word_1_246' title='bbox 830 4196 892 4232; x_wconf 92' lang='lat' dir='ltr'>eum</span> <span class='ocrx_word' id='word_1_247' title='bbox 908 4169 1035 4247; x_wconf 82' lang='lat' dir='ltr'>appellare</span> <span class='ocrx_word' id='word_1_248' title='bbox 1051 4182 1153 4245; x_wconf 81' lang='lat' dir='ltr'>vellent,</span> <span class='ocrx_word' id='word_1_249' title='bbox 1173 4196 1203 4232; x_wconf 88' lang='lat' dir='ltr'>ea</span> <span class='ocrx_word' id='word_1_250' title='bbox 1222 4181 1343 4234; x_wconf 84' lang='lat' dir='ltr'>omittere</span> 
     </span>
     <span class='ocr_line' id='line_1_32' title="bbox 225 4269 879 4338; baseline 0.005 -18"><span class='ocrx_word' id='word_1_251' title='bbox 225 4269 347 4321; x_wconf 81' lang='lat' dir='ltr'>vocabula</span> <span class='ocrx_word' id='word_1_252' title='bbox 364 4284 431 4335; x_wconf 87' lang='lat' dir='ltr'>quae</span> <span class='ocrx_word' id='word_1_253' title='bbox 448 4271 515 4336; x_wconf 89' lang='lat' dir='ltr'>apud</span> <span class='ocrx_word' id='word_1_254' title='bbox 535 4274 678 4336; x_wconf 88' lang='lat' dir='ltr'>utrumque</span> <span class='ocrx_word' id='word_1_255' title='bbox 695 4271 813 4338; x_wconf 85' lang='lat' dir='ltr'>legimus.</span> <span class='ocrx_word' id='word_1_256' title='bbox 877 4294 879 4299; x_wconf 95' lang='lat'>·</span> 
     </span>
    </p>
   </div>
   <div class='ocr_carea' id='block_1_7' title="bbox 0 0 1489 5130">
    <p class='ocr_par' dir='ltr' id='par_1_7' title="bbox 0 0 1489 5130">
     <span class='ocr_line' id='line_1_33' title="bbox 0 0 1489 5130; baseline 0 0"><span class='ocrx_word' id='word_1_257' title='bbox 0 0 1489 5130; x_wconf 95' lang='lat' dir='ltr'> </span> 
     </span>
    </p>
   </div>
  </div>
 </body>
</html>
