2954 5130
541 1521 706 1598 CAPUT
741 1520 933 1598 NONUM.

223 2063 320 2128 Nune
342 2063 422 2128 milri
444 2082 518 2128 oum
542 2062 707 2148 Zingerleo
730 2082 781 2129 res
803 2067 860 2146 est,
882 2065 952 2128 viro
972 2063 1166 2146 doctissimo,
1179 2062 1294 2146 dequo

179 2177 259 2262 quid
294 2177 397 2241 dicam
429 2179 546 2260 neseio,
576 2178 621 2243 ita
642 2178 785 2261 magisne
809 2196 883 2242 oum
905 2177 1167 2242 eosentiaman
1192 2174 1293 2241 abeo

179 2290 365 2355 dissentiam
397 2288 517 2354 dubius
547 2309 628 2354 sum.
655 2289 726 2354 Hoc
750 2309 824 2374 ergo
846 2291 986 2374 primum
1010 2290 1080 2354 dieo
1105 2291 1161 2353 vix
1184 2308 1293 2373 quem·

180 2424 278 2490 quam
312 2404 391 2469 mibi
423 2404 479 2468 illo
515 2404 628 2469 melius
662 2404 701 2469 de
734 2405 835 2488 poetis
865 2404 973 2469 latinis
1003 2405 1151 2469 meritum
1176 2403 1293 2468 videri:

177 2517 356 2583 incredibili
379 2520 464 2583 enim
488 2517 596 2582 labore
615 2517 857 2601 admirabilique
876 2519 1046 2602 sagacitate
1066 2517 1294 2582 demonstrarit

179 2632 417 2716 angustissimis
438 2630 539 2696 fuisse
564 2631 836 2714 oironmsoriptam
858 2629 977 2696 finibus
1001 2627 1054 2703 riv
1076 2633 1132 2694 τῶν
1145 2629 1293 2707 ‘papates

179 2746 302 2816 ποιητῶν
325 2741 443 2822 τέχνην,
469 2743 508 2808 de
530 2743 644 2808 iisdem
667 2742 764 2808 rebus
787 2762 898 2808 omnes
921 2744 1035 2810 iisdem
1055 2745 1103 2809 uti
1122 2742 1295 2821 vooabulis,

178 2863 281 2923 oertas
304 2857 499 2940 stabilesque
525 2875 595 2922 esse
615 2857 791 2941 permultas
814 2857 1044 2923 vocabulorum
1067 2859 1293 2942 copulationes,

179 2989 333 3034 versuum
367 2971 616 3052 terminationes,
639 2971 791 3035 orationis
814 2969 974 3054 flosoulos,
997 2973 1162 3055 imagines,
1185 2973 1294 3036 omnia

179 3083 318 3166 denique
349 3082 578 3147 huiuscemodi.
609 3084 716 3166 Atque
746 3083 806 3147 boo
835 3083 964 3167 quidem
989 3102 1102 3148 verum
1126 3102 1196 3149 esse
1220 3085 1293 3168 quis

178 3216 243 3262 non
277 3196 412 3261 libenter
445 3197 661 3262 assentiatur?
695 3197 814 3262 Tamen
846 3198 1012 3283 Zingerleo
1043 3217 1123 3282 opus
1153 3197 1215 3263 fuit
1237 3200 1295 3282 qui

178 3313 302 3394 primus
336 3311 429 3375 oertis
460 3310 691 3375 demonstraret
720 3313 925 3395 argumentis.
948 3311 1125 3396 Permagna
1149 3330 1225 3396 ergo
1247 3311 1293 3376 illi

177 3425 292 3509 gratia:
329 3443 416 3488 nune
450 3425 536 3489 enim
570 3423 609 3489 de
642 3426 794 3489 universa
829 3423 1047 3490 Romanorum
1078 3426 1166 3508 podsi
1189 3425 1291 3494 multo

177 3539 297 3603 rectius
316 3556 412 3621 quam
435 3541 527 3602 antea
550 3521 693 3602 iudicare
714 3557 896 3622 possumus.
922 3536 1007 3615 Quid
1030 3538 1117 3622 quod
1130 3538 1293 3604 hodiernis

176 3654 273 3717 etiam
296 3653 407 3734 podiis,
429 3652 535 3734 iisque
559 3652 615 3734 qui
640 3650 679 3716 de
702 3650 932 3716 recentioribus
957 3651 1101 3716 scribunt
1112 3651 1212 3716 literis
1224 3670 1294 3736 per·

178 3765 316 3829 multum
341 3763 490 3847 prodesse
512 3769 616 3848 potest
638 3764 796 3848 Zingerlei
819 3763 997 3829 observatio
1020 3785 1136 3850 magna
1156 3765 1295 3831 stabilita

178 3879 330 3944 doctrina.
353 3878 504 3962 Plerique
527 3879 611 3942 enim
631 3879 676 3943 ita
692 3878 843 3960 iudioant,
857 3880 892 3942 in
905 3881 1019 3963 quavis
1032 3884 1097 3944 arte
1108 3881 1153 3944 ita
1165 3881 1293 3945 demum

179 3995 256 4058 novi
282 3993 403 4076 aliquid
426 3993 580 4058 exsistere
602 4011 695 4076 posse
719 3993 746 4057 si
769 3978 995 4058 externaeius
1019 3995 1140 4077 speeies
1163 4013 1293 4078 prorsus

178 4111 383 4187 immutetur3
413 4112 509 4191 atque
540 4108 586 4172 sie
613 4126 647 4172 se
669 4127 736 4172 rem
760 4106 877 4172 habere
898 4108 1046 4173 nonnulli
1068 4107 1204 4173 artifioes
1226 4113 1290 4172 tam

177 4221 312 4287 firmiter
333 4219 394 4285 sibi
416 4220 608 4306 persuadent
630 4225 674 4304 nt,
696 4238 737 4285 ne
760 4220 936 4304 quidquam
959 4241 979 4285 a
1001 4221 1161 4307 prioribus
1182 4240 1291 4306 sump-
