2954 5130
725 507 788 570 183

176 694 341 760 Tibullum
364 692 418 779 (II,
442 693 472 776 6,
493 693 537 757 43
560 693 642 776 sqq.)
667 691 821 776 leguntur
844 711 941 776 quam
961 688 1297 777 Ovidianam'elegiam

179 809 264 874 vitoe
285 808 473 892 ardorisque
495 807 723 891 plenissimam.

223 922 326 988 Nemo
357 941 501 1006 unquam
527 924 621 1005 podtu
641 918 703 984 luit
724 920 805 1004 quin
829 917 891 984 sibi
915 919 1104 985 immortalis
1127 919 1299 999 videretur,

179 1038 285 1121 deque
313 1055 350 1101 ea
374 1054 409 1101 re
431 1034 517 1120 apud
539 1052 651 1100 omnes
673 1038 804 1099 exstant
825 1053 938 1100 versus
961 1033 1120 1101 nonnulli.
1144 1032 1299 1099 Horatius

179 1157 287 1217 autem
319 1149 587 1216 immortalitatem
623 1168 716 1214 suam
751 1149 903 1233 praedicit
932 1166 958 1213 c.
989 1147 1048 1230 m,
1079 1149 1131 1231 30,
1161 1144 1298 1212 Ovidius

179 1264 306 1330 Metam.
334 1263 409 1348 XV,
432 1263 494 1328 871
520 1282 588 1347 sqq.
610 1261 752 1346 Tamque
775 1262 808 1325 hi
830 1262 893 1326 loci
916 1259 1000 1326 inter
1023 1280 1058 1327 se
1081 1261 1201 1327 similes
1225 1260 1298 1325 Zin-

177 1378 284 1464 gerleo
307 1377 457 1442 videntur
479 1381 516 1441 ut
539 1376 622 1441 hanc
644 1377 831 1461 pronuntiet
852 1376 1059 1441 sententiam:

315 1541 415 1624 „Hier
448 1540 572 1606 soheiut
605 1541 658 1605 ein
693 1539 828 1604 director
862 1536 1005 1603 llinfluss
1033 1538 1090 1602 des
1113 1536 1219 1602 Horas
1243 1536 1301 1601 auf

267 1674 387 1720 unsern
414 1652 497 1718 Ovid
519 1653 604 1718 wohl
625 1652 706 1718 iiber
728 1652 812 1717 allen
837 1651 964 1717 Zweiiel
985 1651 1122 1716 erhaben
1143 1670 1185 1715 zu
1198 1649 1298 1716 sein.”

223 1829 304 1894 llihi
334 1829 507 1894 admodum
535 1847 587 1894 res
618 1826 716 1893 dubia
747 1827 889 1908 videtur3
920 1827 1095 1892 tamenim
1121 1825 1298 1892 ovidianus

178 1946 270 2010 locus
294 1962 393 2028 quam
415 1942 614 2009 Horatianus
636 1943 753 2027 plenus
772 1947 821 2007 est
840 1940 1010 2007 verborum
1031 1942 1299 2026 gravitmsonan·

179 2063 272 2145 tium,
308 2060 366 2124 sed
394 2060 429 2122 in
459 2063 574 2124 neutro
605 2076 715 2123 eonrm
748 2056 924 2141 quidquam
948 2059 997 2122 est
1019 2056 1187 2141 acuminis,
1211 2057 1299 2121 omni

180 2175 412 2240 sententiarum
442 2172 565 2238 lumine
587 2168 723 2256 uterque
746 2175 840 2235 caret.
863 2169 971 2235 Verba
994 2174 1101 2237 autem
1126 2170 1165 2235 de
1188 2170 1298 2235 eadem

178 2306 214 2353 re
244 2287 355 2353 eadem
390 2307 409 2350 a
443 2286 570 2351 duobus
599 2286 701 2370 poetis
732 2283 922 2368 aequalibus
954 2302 1024 2349 esse
1054 2281 1194 2349 adhibita
1224 2285 1298 2369 quis

179 2418 245 2467 non
267 2399 514 2492 iaoilecredat?
538 2398 602 2465 Sed
624 2398 794 2465 verborum
818 2417 994 2464 consensus
1018 2400 1052 2463 in
1075 2397 1190 2463 Latina
1208 2417 1298 2484 prae·

180 2517 290 2582 sertim
324 2517 414 2600 potisi
444 2515 523 2579 mibi
553 2514 682 2599 quidem
707 2533 874 2598 nunquam
899 2513 1025 2578 videtur
1048 2517 1171 2578 certum
1194 2514 1299 2578 imita-

179 2631 278 2696 tionis
300 2630 464 2695 indicium.

225 2741 319 2820 Quod
352 2749 460 2810 autem
494 2742 588 2808 modo
621 2741 763 2808 dicebam
793 2742 980 2826 iampridem
1004 2742 1082 2806 viris
1106 2741 1207 2807 doctis
1228 2761 1297 2827 pen-

180 2859 405 2942 suasimimum
428 2856 529 2922 fuisse
551 2853 703 2921 Ovidium
726 2855 887 2921 interdum
911 2860 961 2920 sat
984 2861 1091 2941 aperte
1114 2854 1153 2920 ab
1166 2854 1298 2921 Horatio

181 2973 358 3057 sumpsisse
381 2970 547 3055 quaedam,
570 2973 640 3036 einr
662 2971 709 3035 rei
731 2988 819 3034 nuno
841 2970 1026 3054 exemplum
1046 2970 1183 3035 afferam.
1196 2969 1299 3051 Hym-

127 3085 129 3089 ”
182 3104 262 3151 num
285 3087 320 3150 in
342 3084 538 3149 Mercurium
562 3085 690 3169 scripsit
705 3081 884 3163 vHoratius;
908 3083 1026 3167 legitur
1048 3082 1299 3167 c.l‚10.Eun·

182 3198 256 3264 dom
290 3198 386 3264 deum
419 3197 530 3263 laudat
563 3195 698 3261 Ovidius
729 3196 822 3280 (ilasi.
853 3197 892 3261 V.
914 3197 1000 3280 663).
1031 3197 1129 3263 Hisce
1159 3199 1243 3263 inter
1263 3217 1298 3263 se

182 3313 374 3397 comparatis
395 3312 475 3376 locis
497 3312 543 3375 sic
565 3311 677 3376 statuit
696 3310 898 3396 Zingerleus:

319 3474 399 3559 „Die
420 3466 654 3560 Naohahmung
676 3495 740 3539 von
763 3474 848 3540 Seite
871 3474 970 3540 Ovids
993 3477 1036 3540 ist
1057 3476 1126 3541 hier
1144 3497 1226 3562 ganz
1241 3497 1299 3542 uu·

271 3588 460 3655 zweilelbeft
482 3589 550 3654 und
572 3589 683 3654 wurde
705 3590 803 3654 schon
828 3610 892 3654 von
914 3589 1050 3673 Bentley
1075 3590 1245 3655 bomerkt”

184 3764 310 3830 Bentlei
331 3768 437 3830 autem
459 3763 558 3831 verba
579 3765 657 3830 haec
680 3769 772 3830 sunt:
802 3764 973 3846 „Horatius
996 3739 1035 3829 ab
1060 3764 1175 3830 Ovidio
1198 3768 1299 3831 mani·

186 3877 264 3944 leste
304 3876 506 3963 expressus.'-'
546 3877 665 3944 Tamen
703 3879 850 3963 equidem
888 3917 929 3925 -
965 3875 1046 3952 ἵλεως
1081 3876 1112 3943 δέ
1146 3901 1196 3957 μοι
1229 3878 1299 3960 ἀνὴρ

184 3987 225 4066 ala
256 4028 298 4040 -
327 3993 364 4056 in
386 3992 516 4057 alteram
540 3992 668 4058 discedo
690 3997 821 4077 partem.
846 3991 970 4070 Quibus
993 3995 1079 4059 enim
1102 3994 1299 4077 argumentis

187 4105 312 4173 Bentlei
342 4107 500 4172 sententia
530 4106 655 4172 defendi
678 4107 806 4191 potest?
829 4108 883 4171 An
908 4108 993 4191 quod
1016 4113 1152 4192 uterque
1175 4106 1298 4172 Mercu·

186 4221 270 4286 rium
291 4221 340 4286 sic
360 4219 550 4305 alloquitur:
578 4239 696 4306 „nepos
714 4220 900 4286 Atlantis’'i
919 4222 964 4286 At
982 4227 1030 4287 est
1048 4222 1187 4287 Atlantis
1199 4240 1298 4307 nepos
