2954 5130
749 486 814 552 104

365 673 521 743 Cantaber
542 695 614 742 sera
637 675 778 741 domitus
802 679 915 741 eatena

230 873 295 918 non
318 851 499 937 explicandi
522 851 626 916 solum
650 870 748 916 causa
770 850 881 917 afferre
899 850 957 916 sed
980 852 1075 915 etiem
1095 849 1254 916 affirmare
1273 849 1353 914 Pro-

231 966 332 1052 pertio
353 965 409 1030 illa
431 964 571 1050 exempli
592 965 695 1030 instar
716 963 817 1030 fuisse
839 983 876 1030 ee
899 967 1049 1049 extrema,
1067 964 1176 1049 siquid
1187 964 1292 1048 video,
1303 970 1352 1030 est

232 1080 432 1167 perversitas.

275 1193 302 1277 I,
325 1193 354 1277 6,
379 1195 429 1258 11.
455 1191 579 1278 „Rogas
602 1210 663 1275 me,
684 1190 804 1276 Pullo,'’
825 1191 1012 1276 Propertius
1031 1192 1076 1256 ait
1098 1191 1233 1275 ,quidni
1243 1195 1352 1258 tecum
1408 1225 1410 1230 ·

231 1309 293 1374 iter
314 1306 417 1372 iecere
435 1306 555 1372 velim?
574 1305 687 1371 Puella
706 1325 776 1371 mee
796 1305 835 1371 de
855 1324 926 1371 mea
947 1305 1217 1391 profectionetem
1230 1307 1352 1372 lemen-

232 1426 319 1489 tatur
340 1426 378 1487 ut
400 1421 489 1486 istud
511 1420 680 1486 consilium
704 1420 798 1504 plane
819 1421 884 1485 iam
907 1419 1085 1485 abiecerim.

364 1582 426 1650 His
448 1602 507 1669 ego
530 1602 596 1648 non
619 1584 730 1648 horam
753 1602 885 1668 possum
910 1583 1025 1649 durare
1048 1582 1196 1668 querelis.

232 1744 376 1813 Hoccine
399 1745 439 1811 ab
465 1745 643 1811 Horatiano

365 1909 455 1974 Idem
478 1909 589 1975 eedem
611 1914 748 1994 possunt
771 1909 880 1974 horem
905 1909 1020 1975 durere
1042 1909 1206 1996 probando

233 2073 370 2157 sumpsit
403 2073 613 2158 Propertius?
646 2073 750 2139 Aiunt
780 2073 842 2137 viri
872 2073 965 2138 docti.
997 2072 1123 2158 Ergone
1155 2073 1194 2155 eb
1217 2073 1352 2140 Horatio

159 2269 164 2282 Ι
234 2187 419 2272 Propertius
450 2187 559 2252 didicit
588 2207 682 2269 ,cum
713 2189 894 2253 accusativo
918 2188 1069 2271 temporis
1093 2189 1236 2254 construi
1258 2208 1354 2273 posse

234 2301 370 2367 durandi
402 2300 567 2384 verbum'',
599 2306 636 2366 ut
658 2301 807 2386 discipuli
827 2303 863 2365 in
884 2301 960 2366 ludo
983 2302 1123 2366 literario
1145 2301 1352 2386 loquuntur?

278 2411 426 2500 Denique
459 2414 602 2480 conferas
636 2415 808 2499 pulchrum
838 2432 855 2479 e
884 2414 1016 2500 pulchro
1041 2415 1080 2479 de
1104 2413 1223 2492 Quinto
1246 2415 1353 2483 Ennio

231 2527 313 2592 libro
347 2528 453 2593 locum
489 2529 531 2612 (p.
567 2528 650 2613 266),
685 2527 741 2592 ubi
774 2526 938 2592 Lucienus
969 2527 1104 2593 Mueller
1133 2529 1352 2595 adversarium

231 2642 371 2729 graviter
400 2642 612 2726 reprehendit,
644 2644 701 2727 qui
723 2646 844 2725 petrem
867 2643 973 2726 poesis
996 2640 1127 2708 Latinae
1151 2643 1232 2708 duos
1256 2643 1352 2710 hosce

234 2774 348 2853 versus
369 2755 536 2821 facientem

366 2917 544 2985 Constitere
567 2936 678 2984 amnes
700 2937 866 3003 perennes,
889 2917 1018 2985 arbores
1041 2924 1138 2985 rento
1162 2927 1276 2987 recent

234 3013 287 3076 etz'

367 3095 526 3184 Constitit,
551 3097 656 3182 credo,
679 3095 881 3182 Scamander,
904 3097 1033 3165 arbores
1056 3104 1152 3164 vento
1177 3106 1294 3190 regant

234 3263 334 3326 semet
367 3261 474 3345 ipsum
506 3260 711 3345 descripsisse
741 3260 936 3326 insimulant
969 3279 1007 3326 eo
1042 3266 1230 3346 argumento
1266 3265 1354 3350 quod

235 3372 405 3458 utrobique
426 3373 573 3459 legantur
596 3374 751 3439 vocabula
775 3374 948 3440 arbores
971 3381 1113 3441 vento:
1138 3377 1354 3464 multomagis

234 3487 479 3572 reprehensione
520 3488 653 3572 dignum
688 3488 780 3552 illum
815 3488 970 3555 concedes
1005 3493 1062 3575 qui
1095 3509 1132 3556 ee
1166 3474 1354 3560 imitationis

233 3601 427 3668 Horetienee
461 3602 605 3686 exempla
640 3620 657 3667 e
691 3601 857 3686 Propertio
881 3604 1030 3688 attulerit,
1054 3623 1137 3690 quae
1160 3606 1254 3671 modo
1278 3626 1351 3673 exa·

235 3716 363 3781 minevi.
394 3713 483 3780 Libri
510 3720 626 3800 autem,
650 3715 707 3780 ubi
729 3717 793 3780 loci
814 3716 863 3780 illi
886 3715 1071 3798 repetente
1094 3724 1171 3784 sunt
1192 3723 1355 3808 propositi,

234 3829 409 3897 secundem
443 3834 567 3895 tentum
603 3830 774 3895 editionem
805 3831 962 3915 inspicere
994 3833 1093 3918 potui,
1116 3836 1355 3904 recentissimae

234 3945 254 4008 i.
267 3963 292 4009 e.
316 3946 427 4010 tertiae
451 3945 542 4028 copia
565 3945 644 4008 mihi
666 3964 730 4009 non
753 3944 824 4009 fuit.
843 3945 882 4009 In
903 3945 958 4011 ille
979 3948 1007 4012 si
1026 3967 1110 4012 nore
1123 3949 1356 4018 eiusdemmodi

235 4058 380 4143 example
403 4063 608 4124 accesserunt
630 4059 687 4123 illa
709 4077 900 4143 cognoscere
923 4061 1051 4126 animus
1074 4081 1139 4126 non
1164 4068 1219 4128 est.
