2954 5130
662 601 667 611 ,
696 522 759 588 ras

637 711 677 778 fis
700 732 782 779 anus
804 716 965 778 ettamen

483 825 543 891 Vis
564 825 703 892 formosa
725 827 826 892 videri

529 936 696 1025 Ludisque
718 945 749 1005 et
772 939 855 1005 bibis
877 939 1049 1024 impudens

441 1051 484 1117 nt
505 1057 603 1118 oantu
625 1053 761 1120 tremulo
785 1058 858 1139 pota
881 1051 1070 1137 Cupidinem

440 1165 577 1233 Lentnm
601 1167 752 1234 sollicitas

176 1331 254 1395 olim
281 1334 391 1415 poetae
412 1331 447 1393 in
469 1330 552 1394 rotis
574 1328 676 1395 fuisse
698 1327 903 1414 significetur.
927 1326 1029 1394 Nemo
1053 1330 1147 1412 enim,
1171 1329 1292 1415 opinor,

177 1444 408 1511 ardentissimis
429 1442 577 1528 precibus
599 1444 660 1507 hoo
682 1463 701 1507 a
724 1442 782 1507 deo
805 1441 927 1527 flagitat
949 1446 986 1506 ut
1008 1442 1115 1526 puella
1135 1441 1290 1526 quaedam

177 1558 383 1623 dilectissima
417 1577 520 1622 anus
554 1555 649 1621 fiat:
684 1559 797 1640 sponte
828 1555 913 1620 enim
943 1555 1032 1620 venit
1057 1559 1204 1620 senectus
1226 1559 1291 1619 tam

177 1673 311 1736 amatori
342 1690 438 1757 quam
461 1669 594 1757 puellae.
617 1668 681 1735 Sed
702 1669 754 1734 vel
777 1671 823 1734 sia
846 1669 1035 1734 simulatum
1060 1687 1198 1734 amorem
1221 1688 1293 1754 pro·

178 1787 261 1851 dunt
290 1787 413 1851 omnia:
437 1785 602 1870 Propertio
625 1784 757 1850 excluso
780 1784 856 1850 talia
877 1785 913 1848 in
934 1787 1073 1849 mentem
1096 1785 1205 1849 venire
1227 1803 1293 1848 non

178 1905 333 1985 poterant

223 2013 317 2078 Addo
346 2013 397 2079 his
428 2014 522 2078 etiam
545 2011 673 2078 brevem
696 2012 736 2077 de
760 2011 900 2076 carmine
922 2009 947 2094 Ι,
973 2009 1013 2073 16
1038 2010 1292 2095 disputationem.

177 2126 238 2192 Est
259 2131 365 2193 autem
393 2145 520 2192 emman
542 2126 804 2191 obscurissimum
828 2129 924 2211 atque
947 2124 1104 2190 eiusmodi
1126 2130 1163 2190 ut
1185 2126 1293 2211 ipsum

177 2245 306 2326 potitam
340 2241 420 2325 quid
453 2241 548 2306 vellet
579 2241 744 2326 ignorasse
778 2239 949 2305 admodum
984 2240 1025 2305 sit
1059 2238 1229 2324 probabile.
1264 2239 1292 2304 ll

177 2354 327 2422 versibus

621 2487 672 2534 me
696 2487 825 2554 quoque
848 2469 985 2552 pectoris

443 2581 590 2648 renunt
610 2583 646 2647 in
669 2583 756 2648 duloi
778 2584 909 2648 iuventa

488 2695 606 2761 rervm
628 2699 660 2761 et
680 2697 716 2760 in
738 2696 856 2761 celeres
884 2694 1007 2760 iambos

402 2809 490 2876 Misit
512 2810 671 2877 furentem

178 2989 251 3052 iure
284 2984 402 3052 efficias
435 2985 574 3071 puellam
609 3004 738 3071 quoque
773 2989 894 3068 „matre
923 2985 1166 3070 pulchriorem‘'‚
1197 3005 1294 3071 quam

171 3105 274 3186 poeta
307 3101 489 3192 alloquitur,
523 3102 632 3164 tenera
667 3100 761 3164 etiam
798 3103 900 3164 aetate
933 3117 1003 3164 esse
1034 3100 1172 3184 puellam
1203 3119 1295 3185 quae,

179 3214 315 3279 Horatio
345 3232 538 3298 quacunque
564 3212 692 3277 tandem
716 3212 756 3277 de
778 3231 876 3277 eausa
897 3213 987 3297 irata,
1009 3212 1239 3278 contumeliosa
1259 3215 1294 3277 in

181 3347 257 3394 eum
286 3326 403 3393 scribat
433 3327 591 3409 carmina3
623 3345 698 3391 nam
722 3325 808 3410 quod
830 3326 980 3390 nonnulli
1002 3326 1113 3392 dieunt
1136 3346 1295 3393 commen·

181 3448 299 3508 tutores
334 3442 591 3506 ooninnotionem
626 3459 794 3524 quoque
826 3441 1030 3525 grammatice
1065 3440 1193 3524 quidem
1222 3460 1294 3526 pro·

181 3557 306 3620 nomini
328 3555 508 3639 adhaerere,
528 3554 584 3620 sed
608 3554 694 3639 quod
717 3554 757 3619 ad
781 3555 970 3619 sententiam
990 3555 1120 3619 attineat
1139 3572 1296 3640 cumpro-

181 3671 313 3734 nomine
335 3687 409 3754 ego
433 3669 519 3754 quod
540 3670 576 3732 in
599 3667 697 3734 verbo
720 3686 874 3753 quaero
897 3667 993 3733 lateat
1008 3685 1077 3732 esse
1087 3669 1295 3754 iungendum,

181 3783 246 3848 illis
281 3782 436 3848 Horatius
465 3801 507 3848 ne
537 3782 635 3848 latine
670 3782 800 3867 quidem
830 3780 968 3846 seribere
997 3783 1140 3866 potuisse
1161 3783 1296 3847 videtur.

182 3898 245 3964 Sed
279 3915 370 3983 quae,
405 3896 544 3980 obsecro,
577 3915 666 3961 nuno
699 3897 818 3980 primae
853 3896 999 3980 strophae
1034 3898 1191 3961 sententia
1225 3897 1297 3962 est?

181 4011 280 4077 Reate
302 4011 419 4095 aliquis
443 4011 547 4075 dicere
568 4015 689 4095 potest:
713 4008 881 4091 „Carmina
899 4013 955 4073 tua
967 4009 1204 4092 contumeliosa,
1216 4029 1297 4094 qnae

181 4129 262 4191 iam
289 4124 453 4207 fecisti,
475 4125 510 4187 in
533 4125 640 4208 ignem
663 4124 757 4187 iniioe
780 4122 832 4187 vel
853 4123 889 4186 in
911 4121 1027 4205 mare'',
1049 4124 1105 4188 sed
1128 4128 1295 4208 postquam

184 4240 311 4305 dixisti:
339 4235 559 4322 „Quocunque
581 4235 707 4300 tandem
732 4235 827 4299 modo
845 4234 967 4300 iambos
987 4237 1175 4302 criminosos
1193 4236 1296 4302 faeere
