2954 5130
726 511 765 574 l‘l

229 694 314 772 Quid
344 697 391 760 illi
414 715 527 762 versus
550 698 730 782 significare
752 699 914 785 possunt?
938 698 1076 787 Nempe:
1103 720 1301 784 ,sermonem

185 809 334 877 Latinum
354 817 455 876 metro
474 811 600 876 cuidam
620 811 750 896 Graeco,
768 814 922 878 inusitato
940 818 1032 879 antea
1044 815 1128 899 apud
1140 819 1306 899 nostrates,

186 921 360 1009 adaptavi''.
391 924 521 990 Nihilne
552 926 717 1011 amplius?
740 926 862 992 Immo:
890 927 1137 1010 „Archilochum
1159 930 1304 995 imitatus

186 1060 257 1105 sum
290 1042 394 1125 specie
424 1042 526 1126 magis
559 1061 655 1126 quam
686 1060 815 1124 revera3
840 1061 992 1108 versuum
1018 1042 1178 1127 quoddam
1201 1063 1305 1128 genus

184 1153 224 1218 ab
255 1173 292 1219 eo
324 1156 456 1240 sumpsi,
487 1129 680 1241 Lycamben,
705 1175 803 1240 quem
826 1176 901 1222 cum
924 1155 1052 1229 filiabus
1076 1156 1199 1223 acerbis
1223 1159 1303 1223 iocis

184 1269 357 1334 insectarer
391 1275 422 1335 et
452 1268 493 1333 ad
524 1269 737 1334 voluntariam
762 1275 894 1336 mortem
920 1270 1154 1355 compellerem,
1177 1290 1304 1337 sumere

185 1400 250 1445 non
283 1383 382 1465 potui.
414 1362 499 1457 Quid
529 1401 604 1469 ergo
635 1383 720 1449 ieci?
752 1383 864 1449 Parios
896 1383 1021 1449 iambos
1044 1383 1170 1449 ostendi
1192 1383 1302 1465 Latio,

185 1497 325 1561 convitia
360 1496 591 1581 maledictaque
625 1502 657 1562 et
687 1500 755 1582 ipse
787 1498 897 1563 eodem
930 1517 994 1582 quo
1018 1491 1072 1563 ille
1093 1503 1194 1563 metro
1218 1518 1303 1563 com-

185 1611 289 1694 posui,
312 1628 378 1673 non
400 1611 448 1673 ira
471 1609 588 1675 ductus
611 1629 718 1694 neque
740 1616 778 1676 ut
800 1610 1019 1677 adversarium
1043 1611 1181 1695 aliquem
1205 1612 1303 1676 laces-

186 1742 298 1806 serem,
320 1723 377 1788 sed
398 1729 435 1788 ut
454 1725 585 1809 peritiae
606 1727 754 1791 metricae
775 1726 883 1790 darem
904 1723 1303 1800 documentum.”llirum,

184 1833 300 1920 hercle,
336 1838 440 1921 poesis
474 1857 585 1922 genus.
629 1836 805 1904 Videamus
839 1843 947 1904 tamen
982 1839 1087 1903 sintne
1121 1857 1232 1903 revera
1263 1837 1303 1903 ad

184 1952 265 2016 illud
288 1950 456 2017 Horatiani
482 1952 582 2017 iambi
604 1952 778 2033 referendi,
803 1954 918 2038 raptim
941 1951 1070 2038 Ep'odos
1095 1953 1151 2037 qui
1173 1971 1210 2017 eo
1230 1970 1303 2037 pere

185 2066 289 2131 tinent
311 2084 544 2150 percurramus.

183 2228 240 2294 IV.
402 2228 502 2314 Lupis
526 2235 556 2295 et
579 2233 671 2315 agnis
694 2225 814 2314 quanta
837 2231 949 2295 sortito
972 2228 1093 2315 obtigit,

376 2367 378 2370 ·
448 2343 566 2408 Tecum
589 2343 668 2407 mihi
691 2343 886 2408 discordiast

228 2516 375 2583 Vernsne
398 2502 515 2601 aliquis¹
538 2518 637 2583 hostis
660 2516 890 2583 contumelioso
915 2507 975 2583 boc
998 2519 1139 2583 carmine
1158 2517 1301 2602 petitur?

181 2629 249 2693 Vix
271 2630 373 2695 credo.
397 2631 456 2696 Ille
478 2632 573 2714 enlm,
597 2633 682 2696 siin
707 2650 815 2697 rerum
838 2631 901 2696 fuit
925 2636 1050 2715 natura,
1073 2636 1130 2696 aut
1154 2630 1193 2696 de
1211 2630 1301 2716 plebe

183 2744 299 2829 aliquis
322 2744 384 2810 fuit
406 2743 577 2829 maleficus,
592 2739 697 2830 ¹quem
718 2765 829 2811 omnes
848 2751 980 2811 nossent
999 2744 1099 2810 δοῦλον
1110 2746 1170 2810 κάκ
1181 2743 1299 2816 δούλων,

183 2861 289 2943 pravis
312 2858 435 2925 artibus
457 2859 635 2925 libertatem
659 2861 821 2946 adeptum,
842 2860 937 2926 furtis
960 2861 1145 2945 rapinisque
1168 2860 1299 2925 divitem

181 2971 314 3037 factum.
347 2971 432 3050 Quid
465 2951 540 3058 eigo
575 2993 656 3058 opus
691 2980 759 3039 erat
792 2981 880 3038 tanto
915 2974 1030 3039 hiatu?
1067 2974 1115 3038 Ad
1148 2959 1299 3038 tresviros

182 3095 356 3152 nocturnos
390 3089 497 3172 potius
523 3069 645 3152 ⁵nomen
677 3089 747 3152 eius
780 3087 928 3172 deferres,
959 3087 1154 3171 simulatque
1177 3102 1299 3150 novum

182 3202 252 3266 eius
271 3201 473 3266 malefactum
493 3201 762 3285 deprehenderes:
782 3201 829 3264 illi
849 3203 934 3266 enim
954 3201 1114 3266 bominem
1128 3199 1299 3264 sibinotis-

182 3318 300 3381 simum
324 3316 450 3400 capitali
472 3334 575 3399 poena
597 3314 722 3380 officere
746 3334 811 3379 non
835 3314 1025 3387 dubitarent
1045 3314 1113 3378 Aut
1131 3312 1298 3378 fuithomo

183 3417 240 3513 qui
264 3429 335 3512 dolo
358 3434 389 3495 et
410 3431 528 3494 astutia
551 3429 590 3492 ad
614 3430 758 3512 iniquam
784 3430 959 3513 potentiam
983 3428 1188 3512 pervenisset,
1201 3444 1296 3510 quem

182 3531 360 3609 metuerent
391 3562 510 3625 omnes,
534 3535 597 3626 quo
621 3545 690 3626 ipse
715 3544 892 3627 Augustus,
918 3562 1019 3626 quum
1043 3542 1220 3606 efcivitate
1233 3539 1299 3623 pel-

180 3660 245 3722 lere
280 3647 366 3722 eum¹
388 3677 453 3721 non
489 3657 627 3739 auderet,
661 3661 825 3740 tamquam
858 3658 1073 3721 instrumento
1099 3655 1217 3737 aliquo
1252 3655 1301 3718 uti

182 3771 295 3836 mallet.
329 3764 379 3835 Ne
391 3781 392 3784 ’
412 3773 459 3834 sic
489 3770 619 3854 quidem
651 3770 728 3834 satis
763 3769 905 3853 lepidum
935 3769 1063 3834 exsistit
1085 3784 1233 3831 carmen..
1247 3767 1300 3830 An

179 3876 260 3950 forte
283 3883 465 3949 tribunatus
493 3883 632 3947 militum
656 3883 815 3967 potentiae
837 3881 999 3966 fastigium
1024 3885 1072 3946 est
1094 3879 1298 3965 putandum?

177 3998 233 4062 vAn
265 3986 360 4064 nosse
383 4000 469 4062 cives
491 4001 638 4083 poterant
662 3997 735 4080 quis
758 4015 794 4061 eo
818 3995 940 4060 tribuni
963 3995 1092 4059 nomine
1115 3993 1302 4078 peteretur?

179 4112 251 4178 Hoc
283 4132 357 4178 vero
382 4113 513 4177 minime
537 4109 686 4176 credibile
709 4110 837 4175 videtur
859 4108 1181 4191 Horatium-‘amisso
1204 4109 1300 4193 patri-

180 4229 295 4311 monio,
318 4245 489 4312 pauperem
508 4231 539 4291 et
557 4225 644 4290 unde
664 4226 771 4290 vivere
780 4229 896 4310 ¹‚posset
918 4228 1132 4307 quaerentem·
1144 4219 1299 4288 lacessere

1182 4331 1199 4382 t
