2954 5130
683 526 724 605 ‘21⁷

163 702 187 729 ’ἶ
226 728 228 730 ’
278 700 284 736 ⁷
323 702 506 811 ⁴⁴'Regnavit
529 707 729 827 populorum,
752 746 793 792 ex
816 727 930 792 humili
953 719 1069 812 potens

174 815 180 841 Ἴ
302 854 304 860 ’
349 822 502 925 Princeps
526 823 674 906 Aeolium
698 861 825 907 carmen
849 843 889 907 ad
915 828 1012 908 Italos
1136 871 1140 884 ι
1192 862 1194 867 ·

349 953 532 1020 Deduxisse
555 956 676 1021 modos.
699 955 797 1021 Sume
821 955 1002 1041 superbiam
1089 943 1096 1001 Ῐ

285 1071 287 1076 ’
351 1068 533 1146 Quaesitum
558 1054 679 1135 meritis
702 1074 734 1135 et
757 1071 835 1135 mibi
858 1068 1011 1154 Delphica

188 1161 192 1172 f
274 1270 277 1275 Q
348 1182 454 1248 Lauro
476 1185 569 1268 cinge
592 1185 712 1266 volens,
736 1183 944 1269 Melpomene,
967 1204 1099 1249 comam.
1180 1174 1212 1199 ³

151 1325 214 1412 nisi
238 1346 356 1442 quod
346 1366 379 1410 ιιι
404 1347 469 1412 illis
492 1331 593 1432 magis
617 1352 666 1412 est
688 1352 795 1432 aperta
808 1332 995 1450 ¹industriae
1019 1347 1266 1433 diligentiaeque

151 1459 351 1546 significatio.

194 1572 268 1638 Non
305 1574 468 1657 lusciniae,
502 1594 600 1659 quam
633 1577 704 1659 ipsa
739 1581 854 1640 natura
887 1594 1002 1640 canere
1036 1576 1130 1660 cogit,
1153 1576 1268 1641 similis
1297 1574 1300 1579 ’

151 1686 253 1750 videri
275 1686 345 1751 vult
366 1686 529 1770 Horatius,
552 1688 609 1753 sed
631 1708 705 1753 cum
730 1708 767 1753 ea
790 1674 924 1754 bestiola
947 1708 981 1754 se
1001 1694 1171 1777 comparat,
1185 1709 1268 1773 quae

151 1818 276 1884 semper
309 1799 486 1866 sedulitatis
517 1784 708 1886 exemplum
725 1801 868 1882 habetur,
893 1796 1037 1867 venustis
1061 1802 1148 1867 hisce
1171 1803 1268 1887 lepidi

151 1913 306 1996 carminis
321 1912 381 1998 IV,
405 1915 424 1977 2
448 1915 639 1994 versiculiszt

375 2028 379 2036 ⁵
492 2115 494 2118 ,
550 2053 619 2139 Ego
643 2056 712 2140 apis
734 2053 874 2121 Matinae

153 2248 154 2252 Ἰ
461 2165 549 2232 More
578 2169 738 2253 modoque

176 2308 181 2331 τ
243 2356 245 2359 ,
375 2280 471 2346 Grata
492 2283 651 2367 carpentis
672 2283 783 2365 thyma
805 2300 862 2366 per
884 2282 1025 2364 laborem

313 2423 316 2426 ⁴
372 2394 553 2460 Plurimum
577 2396 697 2460 circum
721 2415 835 2460 nemus
862 2396 1017 2480 uvidique

277 2534 303 2563 ·.
373 2507 501 2574 Tiburis
524 2510 609 2593 ripas
631 2527 762 2594 operosa
786 2527 905 2593 parvus

465 2621 613 2688 Carmina
635 2621 733 2708 fingo

150 2784 185 2847 in
211 2779 330 2882 quibus
354 2785 439 2849 band
463 2784 560 2849 dubie
583 2785 806 2870 plurimum
830 2805 904 2850 cum
929 2784 1144 2851 laborem
1134 2804 1271 2912 iungen-

155 2897 232 2961 dnm
255 2897 312 2962 est
1263 2909 1265 2919 '

154 3008 282 3075 Sunt
315 3012 346 3076 et
375 3011 428 3075 alii
459 3011 519 3076 loci
550 3011 674 3096 quibus
699 3012 739 3076 de
770 3016 804 3078 se
833 3013 903 3097 ipso
934 2996 1089 3077 Horatius
1111 3013 1271 3097 loquatur,

151 3101 222 3189 sed
236 3122 329 3188 haud
363 3123 456 3190 facile
491 3125 594 3190 ullum
628 3127 774 3222 invenias
808 3145 825 3190 e
861 3146 925 3210 quo
959 3131 1108 3211 appareat
1142 3147 1221 3231 prop
1222 3129 1271 3193 ter

149 3219 261 3352 ipsum
281 3237 471 3345 'carminum
502 3245 723 3325 argument
732 3260 793 3304 um
817 3241 927 3325 poesin
951 3260 1043 3305 suam
1068 3241 1270 3306 amaracum

156 3346 305 3438 coepisse.
304 3335 427 3418 Poeta
449 3353 560 3419 haberi
582 3354 653 3418 vult
676 3354 730 3418 sed
755 3353 918 3436 lyricus,
908 3374 928 3418 1
941 3373 966 3419 e
992 3372 1163 3438 agnoscere
1184 3355 1272 3439 cupit

147 3445 317 3532 ¹bomiues
334 3464 450 3532 novam
485 3487 519 3532 se
550 3467 767 3551 Romanisque
796 3467 922 3532 inaudit
908 3472 978 3532 tum
1002 3487 1042 3530 au
1044 3472 1094 3532 tea
1117 3485 1269 3572 versuum

149 3559 257 3733 'genus
280 3560 413 3702 Romam
437 3580 646 3646 transtulisse.

145 3822 149 3838 <
166 3790 261 3856 Oui
282 3797 389 3857 antem
413 3751 560 3857 externa
568 3787 721 3855 versuum
745 3792 866 3875 species
889 3796 953 3856 tam
978 3791 1065 3855 cordi
1077 3785 1273 3875 fueritquis

146 3918 221 3970 -non
247 3901 396 3980 lubenter
417 3905 525 3970 credat
548 3905 639 3969 illum
664 3904 703 3969 de
726 3922 837 3968 eorum
862 3909 1050 3989 argumento
1074 3901 1157 3980 satis
1173 3902 1273 3971 fuisse

145 4013 587 4103 2·sec'urum‚saepissimeque
611 4038 711 4102 quum
733 4019 876 4082 numeris
896 4036 1024 4103 operam
1046 4019 1144 4102 daret,
1163 4017 1273 4084 contra

120 4186 122 4189 v
150 4126 345 4199 seutentiam
380 4150 417 4198 ea
449 4132 646 4198 commisisse
676 4132 755 4197 vitia
786 4130 868 4217 quae
899 4132 1046 4198 uindice
1065 4152 1134 4197 -non
1157 4133 1273 4218 cupido

157 4245 285 4332 negligi.
302 4240 568 4331 *dissimularique
601 4245 702 4309 nullo
726 4245 820 4309 modo
843 4245 992 4330 possint?
1014 4245 1133 4310 Eorum
1155 4245 1273 4331 genera
