2954 5130
706 508 768 573 lat

178 700 218 761 ut
251 697 356 760 statim
393 700 465 779 post
498 695 558 760 hec
587 694 713 760 Horatii
742 712 868 759 carmen
900 694 1017 759 lectum
1048 693 1190 779 lepidum
1213 694 1293 760 illud

179 809 299 876 Oatnlli

402 969 536 1036 Cenabis
558 969 648 1054 bene,
671 971 716 1035 mi
739 968 880 1053 Fabulle,
903 968 988 1054 apud
1011 987 1062 1034 me
1088 934 1092 943 Ι

179 1167 340 1233 66666666.

227 1261 292 1343 ,At
326 1259 432 1325 enim”
464 1260 584 1325 dixeris
618 1278 731 1353 ,saepe
759 1264 865 1324 166666
890 1259 930 1323 16
953 1277 1060 1323 amere
1083 1258 1295 1343 lepidissimus

179 1375 489 1457 venustissimosque
518 1374 647 1457 scripsit
673 1372 848 1437 versiculos
870 1370 1054 1436 Horatius.''
1074 1370 1157 1457 Non,
1180 1371 1295 1455 hercle,

180 1487 309 1569 infitier,
336 1487 391 1551 sed
414 1504 538 1570 semper
559 1484 605 1549 ibi
627 1503 731 1550 sermo
755 1490 803 1550 est
825 1485 865 1549 16
886 1483 1048 1549 amoribus
1070 1483 1201 1550 alienis:
1227 1502 1295 1549 ere·

180 1602 242 1667 tica
278 1619 352 1685 ergo
384 1600 526 1665 6666166
554 1601 625 1664 iure
650 1599 707 1662 illa
729 1598 880 1683 appellari
904 1617 969 1663 non
992 1602 1136 1682 6666661
1158 1598 1210 1664 Ex
1235 1599 1295 1663 hec

179 1733 297 1800 genere
316 1718 364 1779 est
385 1712 417 1778 O.
436 1712 479 1796 H,
497 1715 527 1796 4,
547 1713 586 1778 16
598 1732 663 1798 quo
675 1712 769 1776 moda
782 1711 934 1795 dicebam,
948 1711 1108 1796 61166116
1127 1713 1297 1797 integer

179 1828 290 1893 laudat
313 1827 496 1892 ancillulam
518 1827 629 1891 iuveni
652 1826 779 1891 cuidam
802 1827 904 1890 amico
927 1831 1073 1908 amatam,
1092 1826 1205 1911 illique
1225 1845 1295 1911 per·

180 1942 316 2008 suadere
339 1946 473 2007 conatur
493 1961 558 2006 6ο6
582 1959 676 2026 pesse
695 1942 725 2005 61
743 1941 835 2005 illum
858 1941 1004 2006 dedecori
1016 1939 1294 2024 haberiamerem3

180 2056 510 2140 cognatissimumque
543 2059 592 2120 est
625 2055 759 2119 carmini
790 2054 876 2138 quad
907 2057 1014 2119 statim
1046 2056 1200 2138 sequitur,
1231 2073 1296 2139 quc

179 2169 281 2234 alium
312 2169 449 2248 amicum
476 2167 516 2232 ab
539 2186 647 2233 amare
669 2167 794 2251 puellae
816 2168 959 2232 nondum
983 2173 1125 2232 maturae
1148 2186 1296 2233 revocare

180 2282 297 2348 studet
320 2281 417 2346 Nunc
439 2285 542 2347 cetera
564 2299 605 2346 ex
627 2282 687 2345 hoc
709 2299 824 2365 genere
846 2299 1069 2364 percurramus
1093 2282 1242 2345 66666166

225 2396 251 2479 I,
275 2398 304 2460 8.
343 2394 472 2480 ,Lydia
505 2394 628 2477 Lydia”
661 2399 754 2479 66116
783 2396 827 2459 611
860 2414 976 2479 ,quam
999 2393 1057 2459 tibi
1081 2393 1217 2475 Sybarin
1241 2394 1295 2460 16-

181 2512 333 2576 vinxisti!
357 2513 422 2575 iam
444 2508 526 2595 fugit
549 2511 666 2575 amieos
690 2509 911 2593 aequalesque,
933 2511 996 2573 iam
1020 2509 1154 2594 negligit
1171 2508 1295 2574 labores

180 2630 214 2692 61
235 2625 343 2689 studia
365 2623 483 2709 quibus
506 2625 602 2689 ceteri
620 2626 754 2689 iuvenes
773 2623 871 2690 simul
884 2624 1121 2689 delectationem
1136 2628 1294 2708 quaerunt

180 2743 214 2803 et
246 2737 392 2819 laudem,
427 2744 459 2802 te
490 2757 587 2802 unam
619 2738 705 2822 petit,
736 2737 821 2821 apud
843 2742 874 2801 te
896 2737 971 2802 latet
994 2743 1031 2801 61
1053 2737 1129 2801 clim
1153 2736 1295 2802 Achilles

180 2853 267 2916 inter
289 2850 459 2936 virgines.''

228 2962 261 3028 0.
283 2964 326 3047 H,
350 2965 400 3029 12.
423 2963 630 3030 celebrantur
651 2964 763 3029 laudes
786 2962 979 3046 Licymniae,
1000 2983 1096 3048 quam
1116 2963 1296 3028 amatMae-

181 3099 288 3164 cenas,
312 3081 451 3144 carmine
474 3079 644 3144 admodum
667 3078 806 3144 absurdo
829 3084 861 3143 et
884 3097 902 3143 e
924 3077 1027 3143 tribus
1046 3079 1161 3163 666616
1182 3082 1296 3143 61666-

183 3212 247 3277 que
269 3199 421 3258 consuto:

317 3377 346 3421 a.
373 3355 486 3438 „Noli”
517 3357 561 3420 611
589 3360 681 3441 6οὸ16
715 3376 753 3437 ,a
776 3373 827 3420 me
849 3355 1009 3440 postulare
1032 3360 1068 3420 61
1091 3374 1222 3440 magnas
1245 3375 1296 3421 res

273 3474 378 3554 gestas
411 3470 577 3533 hominum
611 3469 784 3534 hereumve
814 3470 954 3533 carmine
984 3468 1111 3533 heroice
1136 3468 1295 3533 extollam.

273 3584 333 3650 Isti
354 3603 412 3670 ege
437 3584 563 3649 muneri
586 3583 680 3669 61666
701 3585 804 3667 imper
826 3583 929 3648 sum.”

317 3697 343 3763 b.
381 3696 488 3780 ,Quin
528 3699 634 3783 potius
675 3702 711 3761 16
753 3698 890 3782 pedestri
924 3698 1065 3761 66611666
1098 3717 1222 3781 pugnas
1257 3696 1296 3762 ab

272 3812 421 3896 Augusta
445 3813 630 3876 commissas
653 3816 684 3876 et
704 3812 852 3876 victorias
871 3810 910 3874 ab
930 3829 967 3875 eo
986 3814 1161 3893 6666616166
1174 3810 1296 3874 66616.”

318 3946 341 3989 c.
368 3925 514 4007 ,Interea
532 3944 589 4010 ege
609 3923 816 4007 Licymniam,
837 3944 931 4009 quam
948 3928 983 3987 16
997 3923 1129 4006 1666616,
1141 3921 1295 3987 laudabo:

273 4039 461 4124 dignissima
482 4040 567 4103 enim
591 4043 640 4102 est
661 4036 756 4102 laude
780 4056 850 4102 mea
872 4042 903 4102 et
926 4043 981 4102 tue
1005 4035 1141 4102 amere.''

230 4215 289 4298 HI,
313 4215 341 4278 9.
375 4213 464 4278 Nihil
492 4214 554 4277 hoc
582 4213 721 4276 carmine
744 4231 887 4295 unquam
911 4211 950 4276 ab
972 4210 1106 4276 Horatio
1129 4213 1296 4279 venustius
