2954 5130
763 500 826 564 108

364 685 453 751 Rura
477 686 555 750 mihi
578 691 609 751 et
631 686 718 771 rigui
738 685 882 770 placeant
903 688 939 751 in
962 688 1100 754 vallibus
1125 708 1254 757 amnes:

365 799 515 864 Flumina
537 819 641 864 amem
665 799 827 886 silvasque
851 801 1017 886 inglorius.

234 1004 308 1050 oum
338 985 405 1050 leni
434 987 503 1049 risu
534 989 565 1050 et
587 986 744 1053 iocantem
766 989 813 1052 sio
836 989 1025 1054 immutasse
1047 994 1080 1054 et
1103 991 1236 1056 vertisse
1260 993 1353 1056 utin

232 1100 339 1183 ipsum
362 1101 578 1164 convenirent
602 1100 700 1166 Haud
722 1103 831 1186 inepta
854 1121 891 1167 ea
914 1104 956 1168 sit
979 1104 1125 1187 suspitio,
1148 1105 1204 1169 sed
1217 1107 1354 1190 suspitio

234 1218 290 1296 est,
324 1212 405 1276 nihil
439 1217 573 1277 constat.
608 1212 671 1290 Qui
705 1216 791 1279 enim
821 1217 856 1279 in
888 1220 1029 1300 tempore
1058 1217 1172 1283 horum
1196 1217 1355 1304 Propertii

234 1327 380 1393 meminit
403 1345 555 1391 versuum
578 1326 652 1411 (111,
676 1331 705 1412 1,
730 1329 747 1390 7
773 1331 848 1413 sq.):
1151 1337 1153 1340 ’

365 1503 463 1569 Aetas
485 1505 589 1588 prima
611 1509 703 1569 oanat
726 1504 879 1582 Veneres,
903 1510 1047 1571 extrema
1069 1507 1240 1574 tumuitus.

410 1618 502 1684 Bella
524 1637 645 1703 uanam,
669 1619 797 1704 quando
821 1622 937 1705 scriptu
960 1621 1067 1705 puella
1090 1626 1207 1704 meast3

235 1806 332 1872 sentit
362 1825 457 1892 quam
488 1807 530 1870 sit
552 1805 705 1872 credibile
728 1806 808 1870 nihil
831 1807 920 1872 aliud
942 1807 1084 1873 voluisse
1105 1810 1231 1892 poetam
1257 1828 1355 1893 quam

235 1922 312 1985 hoo:
336 1919 377 1984 ad
400 1939 520 1985 norum
545 1938 603 2005 ego
626 1926 852 2005 argumentum
872 1941 923 1987 me
935 1942 1112 2006 numquam
1124 1927 1355 2007 perventurum

236 2036 311 2118 seio,
344 2034 400 2100 sed
432 2035 467 2098 in
506 2033 669 2100 amoribus
703 2035 856 2101 canendis
890 2036 1056 2121 persistam
1094 2036 1195 2101 donee
1228 2038 1355 2121 ingrata

235 2150 360 2215 venerit
389 2154 545 2233 senectus,
576 2168 658 2233 quae
688 2154 720 2214 et
742 2168 882 2214 amorem
906 2149 1009 2215 aufert
1031 2155 1062 2214 et
1086 2150 1222 2215 canendi
1245 2157 1355 2217 artem.

236 2264 318 2329 Nam
354 2265 483 2328 omnino
514 2283 578 2329 non
609 2265 638 2328 is
661 2268 710 2329 est
731 2263 916 2349 Propertius
942 2266 999 2349 qui
1022 2265 1100 2329 aiios
1124 2269 1233 2348 potitae
1255 2267 1356 2350 respi-

236 2382 299 2445 eiat
327 2378 379 2445 vel
408 2380 562 2463 poetieam
592 2378 773 2444 facultatem
805 2398 822 2445 e
846 2380 1020 2444 multorum
1044 2378 1199 2444 librorum
1219 2379 1357 2446 lectione

239 2498 379 2578 quaerat
414 2493 614 2577 Argumeuto
650 2495 693 2558 sit
721 2492 763 2576 Π,
795 2494 824 2575 3,
848 2494 899 2557 37.
922 2494 1001 2578 Agit
1024 2494 1109 2558 enim
1131 2493 1178 2558 ibi
1200 2498 1295 2578 po‘e‘ta
1317 2494 1357 2561 de

237 2608 321 2674 bello
343 2607 478 2672 Troiano
506 2607 546 2670 ob
570 2627 668 2671 unam
691 2606 842 2672 feminam
866 2613 943 2672 orto
966 2605 1046 2684 Quis
1069 2627 1133 2672 uon
1157 2608 1240 2673 alius
1263 2612 1358 2692 poeta

237 2722 318 2787 illud
337 2726 560 2808 argumentum
577 2726 717 2786 tractans
726 2720 899 2786 flosculum
912 2722 1102 2806 sumpsisset
1114 2721 1153 2786 ab
1165 2721 1356 2786 Homerico:

372 2895 404 2960 οὐ
427 2892 541 2971 νέμεσις
564 2896 670 2975 Τρῶας
691 2890 744 2958 καὶ
769 2893 946 2971 ἐυκνήμιδας
968 2889 1116 2973 Ἀχαιοὺς

371 3006 459 3090 τοιῇδ’
488 3005 576 3088 ἀμφὶ
599 3006 718 3086 γυναικὶ
741 3007 832 3073 πολὺν
855 3007 955 3090 χρόνον
978 3005 1078 3087 ἄλγεα
1100 3007 1255 3087 eduxero?

284 3196 359 3261 Non
389 3215 470 3280 opus
494 3213 531 3260 eo
553 3194 616 3260 fuit
638 3194 821 3280 Propertio:
847 3196 914 3280 ipse
938 3213 1056 3259 novum
1069 3194 1201 3280 aliquid
1225 3197 1359 3280 invenit,

238 3310 393 3395 lepidum,
425 3312 673 3394 inexpectatum,
708 3309 758 3374 vel
793 3311 899 3394 potius
930 3311 1079 3393 proprius
1109 3328 1199 3373 amor
1228 3310 1257 3374 ei
1281 3308 1359 3374 sub·

240 3425 441 3490 ministrarit
466 3423 537 3488 Hoo
560 3425 644 3488 enim
668 3424 761 3488 dioit:

371 3585 477 3670 Nune,
500 3585 583 3668 Pari,
606 3590 642 3650 tu
666 3586 793 3669 sapiens
816 3590 848 3651 et
871 3590 916 3669 tu,
939 3583 1090 3668 Menelae,
1112 3583 1212 3668 fuisti,

416 3702 461 3765 Tu
488 3702 563 3786 quia
585 3699 747 3784 poscebas,
769 3704 805 3764 tu
830 3700 905 3785 quia
927 3699 1135 3764 lentuseras.

284 3887 333 3954 De
356 3908 463 3954 amore
488 3892 595 3952 cantat
617 3887 803 3971 Propertius
827 3888 940 3952 ceteris
964 3887 1114 3952 omnibus
1136 3889 1237 3971 potitis
1260 3889 1358 3972 serip-

242 4001 429 4086 ton'busque
464 4001 633 4086 neglootis:
666 4019 837 4086 perennem
860 4002 945 4066 enim
967 4003 1036 4086 ipse
1058 4003 1092 4065 in
1115 4007 1241 4086 peotore
1264 4002 1360 4068 habet

237 4116 366 4198 fontem,
400 4116 486 4181 unde
517 4116 665 4200 limpidas
701 4135 826 4199 semper
860 4116 987 4180 hauriat
1022 4135 1124 4200 aquas
1155 4136 1221 4181 non
1244 4116 1357 4183 alienis

238 4230 360 4296 fucatas
395 4229 562 4296 coloribus.
596 4229 777 4295 Audiamus
809 4249 891 4316 quae
921 4230 961 4296 de
993 4250 1053 4295 sua
1086 4232 1155 4315 ipse
1178 4236 1245 4297 arte
1269 4231 1357 4298 dicat
