2954 5130
678 538 720 600 23

185 719 229 802 ΙΙ,
252 721 284 802 2,
307 720 335 783 9.

393 831 505 897 latim
526 850 640 917 regnes
662 832 793 896 avidum
816 831 974 897 domando

392 944 557 1030 Spiritum,
580 965 676 1030 quam
700 946 729 1010 si
749 944 884 1028 Libyam
910 947 1040 1012 remotis

294 1087 296 1091 ·
394 1059 537 1126 Gadibus
559 1062 675 1144 iungas
697 1067 729 1124 et
748 1065 884 1144 uterque
905 1060 1035 1125 Poenus

536 1173 660 1240 Serviat
682 1175 749 1239 uni

182 1366 231 1432 Ne
261 1367 300 1431 de
331 1365 436 1430 verbis
467 1370 646 1450 uterque
676 1364 858 1456 Poenus,
887 1383 971 1447 quae
993 1364 1114 1429 nulla
1134 1365 1257 1431 ratione

139 1481 291 1566 explicari
321 1483 465 1565 possunt,
497 1478 609 1560 dicam,
633 1479 706 1562 quis
730 1497 794 1541 non
818 1477 906 1541 istud
931 1475 1105 1558 Libyam
1137 1475 1257 1544 Gadi-

138 1593 214 1658 bus
248 1582 434 1678 ¹iungere
467 1591 577 1676 legens
611 1590 651 1656 de
685 1588 796 1655 Xerxe
831 1589 938 1674 aliquo
968 1595 1095 1674 pontem
1119 1591 1154 1653 in
1176 1590 1257 1656 freto

140 1707 295 1771 Gadimno
336 1706 472 1770 faciente
506 1722 685 1770 sermonem
719 1723 789 1768 esse
823 1704 938 1788 putet?
971 1702 1035 1769 Vel
1069 1705 1115 1769 sic
1150 1709 1258 1769 tamen

141 1821 333 1886 adiectivum
369 1819 547 1884 remotis
580 1818 723 1882 additum
759 1816 943 1882 mirabitur:
988 1819 1136 1902 quamvis
1170 1819 1256 1882 enim

138 1935 235 2018 longo
259 1932 297 1998 ad
321 1933 501 2017 iungendos
524 1931 629 1996 Gades
653 1950 727 1996 cum
752 1950 808 1995 ora
830 1930 959 1995 Africae
982 1937 1079 2015 ponte
1101 1948 1182 2015 opus
1206 1933 1258 2013 sit,

139 2052 246 2113 umen
288 2052 357 2111 tum
394 2047 523 2111 demum
558 2050 642 2110 recte
676 2045 757 2109 illud
792 2045 986 2109 adiectivum
1021 2044 1164 2109 adhiberi
1201 2044 1259 2110 ubi

139 2166 253 2246 agatur
287 2161 326 2225 de
362 2160 441 2225 locis
472 2179 554 2243 quos
585 2178 673 2224 mare
703 2159 824 2224 dividat
853 2161 977 2243 ingens,
1008 2177 1073 2222 uon
1098 2161 1155 2243 qui
1178 2157 1258 2224 freto

139 2281 335 2360 separentur.
369 2259 472 2349 Quam
504 2271 627 2337 facilem
651 2291 726 2337 vero
749 2272 840 2336 illum
864 2290 934 2337 esse
958 2277 1088 2357 oportet,
1111 2273 1168 2356 qui
1192 2291 1259 2338 cre

142 2388 197 2453 dat
218 2392 303 2452 recte
333 2386 522 2451 Africam
554 2385 743 2451 Gadibus
772 2387 953 2470 iungere
982 2405 1055 2450 eum
1077 2386 1141 2450 dici
1165 2387 1259 2451 cuius

141 2521 279 2587 regnum
321 2506 353 2566 et
395 2501 569 2565 dominatio
605 2519 662 2585 per
695 2505 792 2565 totam
829 2498 1018 2585 Hispaniam
1052 2499 1260 2583 Africamque

142 2616 345 2682 extendatur.

186 2729 243 2813 IV,
277 2729 327 2793 11.
361 2727 534 2812 „Hilariter
564 2727 642 2792 Idus
673 2727 799 2811 Apriles
832 2728 909 2793 mihi
932 2732 1008 2792 sunt
1032 2727 1259 2795 celebrandae”

141 2846 236 2930 pcdta
256 2842 301 2908 ait

740 2979 826 3062 quod
849 2998 891 3044 ex
914 2979 974 3043 hac

408 3092 494 3160 Luce
517 3092 683 3158 Maecenas
708 3111 800 3158 meus
820 3092 987 3161 affluentes

499 3205 633 3272 Ordinat
655 3226 765 3273 annos.

188 3394 316 3479 Ergone
336 3393 435 3459 fastos
458 3393 638 3478 corrigendi
661 3412 781 3458 munus
805 3393 844 3458 ab
868 3394 1017 3479 Augusto
1036 3397 1157 3480 accepit
1175 3394 1261 3461 Mae·

144 3528 247 3592 cenas,
281 3526 420 3592 eumque
452 3508 605 3572 honorem
640 3506 752 3571 Idibus
783 3507 950 3592 Aprilibus
980 3508 1077 3581 iniit?
1110 3508 1260 3591 Minime;

145 3622 314 3707 diligenter
346 3623 431 3686 euim
463 3640 500 3687 eo
532 3639 665 3686 munere
697 3619 828 3685 functus
858 3626 926 3685 erat
954 3620 1263 3706 immurmuret

145 3737 202 3801 vix
226 3740 274 3801 est
297 3734 446 3801 credibile
470 3739 542 3820 post
563 3735 693 3820 triginta
721 3754 822 3800 annos
846 3754 929 3799 nova
951 3737 1139 3800 recensione
1161 3735 1262 3804 fuisse

146 3868 234 3936 opus.
259 3848 344 3926 Quid
369 3868 406 3915 ea
425 3850 586 3915 locutione
608 3849 686 3914 velit
707 3850 873 3934 perspicue
896 3850 1017 3914 indicat
1039 3855 1149 3934 poita3
1171 3870 1263 3936 prae-

147 3965 244 4029 mittit
266 3965 351 4029 enim
374 3963 469 4027 haec:

409 4124 485 4190 Iure
507 4124 660 4190 solemnis
682 4125 761 4188 mihi
784 4125 988 4208 sanctiorque

411 4237 518 4303 Paene
540 4238 638 4303 natali
661 4239 797 4322 proprio
