2954 5130
754 511 775 574 3

247 695 434 781 Importnna
456 701 505 762 est
527 697 652 762 heredis
676 697 804 762 mentio.
825 693 991 781 Quidquid
1010 697 1095 761 enim
1116 696 1245 780 amittis,
1263 695 1321 761 eti·

205 812 286 875 amsi
320 812 503 876 tristissimo
536 810 617 875 illud
647 815 754 895 pereat
786 810 890 893 modo,
919 810 1046 875 heredis
1072 829 1189 875 manus
1211 809 1321 874 aridas

205 923 321 1008 effugit
352 923 387 988 si
416 923 547 988 futurus
570 923 695 989 heredis
718 923 810 988 dolor
834 942 958 1007 semper
982 928 1030 988 ost
1053 942 1153 988 eausa
1172 923 1320 1004 laetitiae,

204 1036 344 1122 gaudeas
374 1041 497 1121 oportet
527 1039 555 1101 si
584 1037 661 1102 ludo
687 1056 836 1121 magnam
860 1037 1029 1120 pecuniam
1051 1037 1195 1101 amiseris
1218 1036 1322 1100 aliave

204 1152 348 1235 nequitia
380 1150 578 1235 profuderis3
610 1151 729 1235 gratias
764 1149 882 1215 habeas
915 1148 1092 1214 latronibus
1125 1150 1184 1233 qui
1211 1149 1321 1213 villam

81 1323 83 1326 ,
204 1270 292 1330 tuam
316 1265 566 1348 compilaverinl,
589 1264 800 1347 incenderint,
823 1263 891 1329 solo
911 1264 1192 1348 aequarint31ntor
1202 1265 1322 1329 amicos

205 1383 278 1443 tuos
300 1397 450 1443 numeres
473 1383 646 1460 tyrannum
670 1379 721 1443 vel
744 1378 956 1466 demagogum
980 1378 1037 1461 qui
1058 1381 1090 1442 te
1113 1378 1322 1443 maioremrei

203 1491 368 1557 familiaris
391 1496 465 1557 tuae
487 1497 608 1576 partem
632 1492 797 1577 vectigalis
816 1492 1162 1562 nomineinaerarium
1177 1491 1320 1557 conferre

205 1607 349 1690 ootgerit
373 1605 540 1673 Praeclara
562 1624 637 1670 vero
660 1610 709 1671 ost
726 1607 897 1689 sententia,
923 1625 1019 1693 quarn
1040 1603 1321 1692 praeeunteWad·

206 1718 289 1785 delio
323 1723 354 1785 et
389 1719 562 1783 adiuvante
595 1719 799 1802 aliquatenus
839 1717 995 1788 librorum
1030 1719 1320 1802 manuscriptorum

208 1833 394 1897 auctoritate
417 1831 569 1897 hocloco
592 1832 701 1916 posuit
723 1830 980 1916 Peerlkampius:

336 1993 458 2060 Cuncta
480 2013 595 2061 manus
619 1994 729 2061 avidas
752 1994 903 2080 fugiuntp
923 1993 1065 2063 haerebit
1087 1995 1188 2059 amico

557 2105 649 2185 Quod
673 2107 797 2175 dederis
820 2109 935 2177 animo.

204 2273 224 2335 i.
248 2290 273 2335 e.
305 2291 421 2336 avarus
445 2270 659 2354 sordidasque
682 2289 806 2355 semper
828 2274 916 2355 eget3
940 2270 974 2335 id
997 2271 1126 2335 demum
1150 2275 1242 2334 tuum
1266 2290 1321 2354 ap·

204 2386 322 2471 pellare
344 2392 434 2471 potes
458 2385 544 2470 qnod
567 2386 662 2469 genio
685 2390 741 2451 tuo
764 2385 954 2465 indulserim
975 2386 1003 2448 si
1021 2385 1055 2448 in
1067 2385 1192 2468 magnis
1204 2383 1320 2468 opibus

204 2505 297 2567 tuum
333 2493 481 2567 detrudas
514 2500 655 2583 genium,
690 2505 745 2564 tua
774 2499 888 2583 perdis,
911 2498 1015 2565 aliena
1037 2517 1153 2563 servas.
1177 2496 1249 2563 Hoc
1271 2502 1320 2563 est

203 2614 290 2698 quod
324 2613 408 2696 alibi,
442 2617 527 2678 recte
557 2612 698 2677 adhibita
719 2612 844 2678 heredis
869 2613 1038 2695 mentione,
1063 2611 1140 2679 dicit
1162 2610 1317 2687 Horatius

203 2727 257 2811 (Π,
280 2728 331 2810 14,
354 2729 396 2790 25
420 2729 497 2811 sq.):

468 2874 627 2940 Absumet
648 2874 742 2939 heres
765 2873 912 2939 Caecuba
934 2875 1059 2959 dignior

471 2989 603 3055 Servata
625 2994 754 3053 centum
779 2986 932 3053 clavibus.

204 3154 378 3239 1‚6,1-4.
424 3151 577 3218 Scriberis
600 3150 698 3215 Vario
721 3150 813 3215 fortis
838 3155 870 3216 et
892 3151 1032 3215 hostium

423 3267 543 3350 Victor,
564 3265 703 3331 Maeonii
726 3266 877 3330 carminis
901 3265 977 3347 aliti,

425 3378 528 3458 Quam
546 3399 612 3445 rem
634 3397 773 3463 cumque
791 3378 882 3444 ferox
902 3376 1040 3443 naribus
1060 3382 1117 3443 aut
1135 3379 1227 3461 equis

512 3492 604 3558 Miles
627 3497 659 3558 te
683 3493 763 3557 duee
786 3493 928 3577 gesserh.

248 3656 351 3723 Nimis
372 3677 488 3742 magna
507 3656 546 3721 de
565 3657 725 3741 Agrippae
744 3653 896 3720 laudibus
914 3674 989 3738 pars
1010 3655 1320 3738 decedetsiprae-

205 3775 352 3839 sertim
377 3791 459 3856 qnae
481 3770 645 3836 milites
667 3771 826 3853 gesserint
846 3767 974 3833 aVario
991 3767 1178 3834 scribentur.
1191 3765 1253 3833 Sed
1266 3787 1321 3831 au·

202 3885 365 3972 gebuntur
387 3884 461 3949 illae
486 3885 514 3949 ei
536 3885 570 3948 in
597 3883 788 3948 eocarmine
801 3881 982 3946 nonsolum
993 3887 1158 3965 tamquam
1170 3882 1318 3966 egregius

203 4001 281 4083 dux,
303 3998 359 4064 sed
383 3999 477 4063 etiam
499 4002 662 4080 tamquam
677 4001 829 4060 strenuus
843 3994 933 4059 miles
945 3993 1157 4059 celebrabitur
1168 3995 1319 4078 Agrippa.

202 4113 338 4198 Egregie
360 4112 420 4175 hoc
443 4111 543 4175 sensit
565 4109 814 4192 Peerlkampius,
833 4108 886 4171 cui
904 4106 1149 4191 pulcherrimam
1162 4104 1317 4171 debemus

203 4227 371 4291 lectionem
401 4223 591 4310 gesseris
619 4241 678 4308 pro
706 4221 899 4307 gesserit
929 4219 1043 4304 Neque
1067 4220 1245 4308 quidquam
1270 4224 1319 4285 est
