2954 5130
708 464 782 569 rso
879 477 882 484 ’

177 716 243 761 non
277 690 428 782 possum''
463 692 550 779 quod
583 691 677 758 modo
712 691 953 756 observavimus
987 710 1065 755 mcx
1099 691 1163 756 alio
1187 689 1296 776 Epodo

178 812 243 894 (14)
279 810 422 875 recurrit
453 808 505 872 Ibi
535 808 621 872 enim
652 807 729 871 haec
760 804 799 870 ad
822 804 1038 871 Maecenatem
1062 804 1174 870 scribit
1196 803 1296 870 Hora·

178 927 261 990 tius:
305 922 428 1008 ,Rogas
467 941 518 986 me
556 920 670 1006 quidni
703 919 744 985 ad
777 923 809 984 te
843 919 1020 1004 perfectum
1053 921 1118 984 iam
1151 919 1298 1004 plenum·

180 1057 244 1124 qne
286 1037 464 1102 iamborum
505 1035 630 1100 mittam
670 1033 806 1098 librum:
849 1031 973 1119 Cupido
1015 1032 1145 1099 obstitit.
1181 1034 1298 1100 Amore

179 1152 264 1218 enim
298 1170 388 1216 nunc
411 1149 514 1233 ,ardeo
545 1167 610 1212 non
642 1149 750 1212 minus
782 1166 878 1232 quam
901 1149 977 1211 olim
1001 1147 1172 1212 Anacreon
1197 1147 1299 1213 Peius

180 1262 265 1342 Quid
298 1265 359 1329 hcc
389 1265 431 1328 sit
460 1263 560 1343 nosti;
582 1263 652 1347 ipse
674 1263 760 1326 enim
784 1262 882 1326 miser
904 1259 1038 1326 ureris’'.
1060 1261 1107 1325 At
1128 1260 1298 1326 Anacreon

178 1397 338 1464 persaepe,
372 1382 408 1443 nt
442 1379 511 1462 ipse
545 1378 592 1441 ais
630 1395 728 1458 „cava
757 1375 919 1440 testudine
949 1373 1039 1440 flevit
1068 1393 1211 1440 amorem
1234 1394 1298 1439 non

179 1491 377 1557 elaboratum
418 1491 458 1556 ad
492 1488 637 1576 pedem'’.
671 1489 770 1553 lllum
805 1507 879 1572 ergo
912 1489 1058 1553 imitatus
1091 1507 1198 1554 esses:
1234 1508 1298 1554 non

179 1623 289 1670 severe
310 1606 504 1689 promissum
527 1623 546 1668 a
564 1608 595 1668 te
615 1603 775 1687 exegisset
792 1600 968 1685 Maecenas,
979 1621 1085 1687 neque
1097 1621 1132 1668 se
1145 1604 1298 1668 damnum

180 1720 340 1803 accepisse
373 1723 500 1803 putaret
534 1719 562 1782 si
597 1735 653 1802 pro
687 1715 907 1780 Archilocheis
942 1717 1091 1782 convitiis
1123 1717 1249 1802 aliquid
1270 1719 1298 1783 ei

179 1833 392 1898 Anacreontei
425 1833 552 1917 generis
587 1831 738 1914 dedisses,
773 1831 957 1915 praesertim
992 1833 1021 1896 si
1053 1831 1136 1896 illud
1166 1832 1296 1917 plenum

180 1952 264 2012 esset
285 1947 374 2012 illius
395 1947 481 2032 ignis
506 1965 570 2031 quc
593 1950 625 2010 te
647 1946 716 2029 ipse
739 1944 820 2009 dicis
843 1944 961 2010 ardere.
984 1946 1029 2010 At
1046 1951 1176 2031 poetam
1188 1965 1298 2013 revera

179 2061 295 2126 arsisse
330 2080 433 2146 quum
466 2062 529 2126 ista
563 2058 714 2125 scriberet
746 2059 818 2144 quis
848 2059 978 2125 credat?
1008 2059 1082 2144 Ipse
1113 2061 1201 2126 enim
1224 2080 1299 2126 con·

180 2174 304 2240 fitetur:

600 2283 653 2351 Me
674 2284 831 2369 libertina,
853 2304 915 2351 nec
937 2305 1003 2351 uno

447 2398 602 2465 Contenta
623 2399 753 2482 Phryne
775 2403 922 2465 macerat
945 2429 947 2433 ·

224 2587 310 2672 Ergo
344 2586 475 2668 Phryne
508 2585 630 2671 perfida
661 2585 792 2672 quidem
821 2586 885 2651 fuit
907 2586 962 2652 sed
989 2589 1158 2673 ,quamvis
1182 2589 1299 2674 perlida

181 2720 254 2765 cara
283 2698 420 2764 tamen’'.
449 2698 548 2765 Haud
571 2701 688 2764 mirum
712 2699 771 2765 tibi
793 2699 936 2766 accidere
960 2700 1048 2786 quod
1070 2701 1110 2767 de
1133 2721 1170 2767 se
1192 2707 1225 2768 et
1248 2704 1300 2769 alii

92 2884 94 2887 ,
181 2813 342 2879 declarant
383 2817 415 2878 et
448 2812 643 2897 Propertius.
678 2813 724 2876 At
756 2811 907 2895 Phrynae
941 2815 1073 2898 opponit
1106 2813 1299 2881 Maecenatis

180 2926 330 3012 puellam,
359 2927 532 3009 ipsumque
554 2925 601 2989 sic
623 2924 813 3009 alloquitur:
841 2924 973 3009 ,Gaude
997 2931 1082 2992 sorte
1104 2927 1191 2993 tua''.
1215 2927 1315 3015 Ergo

181 3046 245 3105 tam
267 3039 371 3106 fidelis
393 3040 449 3103 illa
467 3039 530 3104 fuit
549 3058 645 3124 quam
665 3039 794 3120 Phryne
811 3038 874 3103 fuit
892 3038 1036 3124 perfida?
1049 3039 1139 3105 Nihil
1150 3041 1298 3110 huiusce·

182 3154 268 3219 modi
288 3153 442 3219 Horatius
464 3172 523 3218 nos
547 3153 655 3234 docet,
680 3152 758 3218 dicil
780 3154 1020 3219 tantummodo:

577 3354 580 3359 ’
601 3338 675 3403 Non
699 3339 861 3423 pulchrior
882 3340 968 3424 ignis

447 3452 604 3518 Accendit
625 3453 787 3519 obsessam
809 3452 901 3518 ilion.

227 3640 296 3706 Iam
330 3641 391 3705 hoc
425 3641 503 3705 satis
536 3640 691 3725 ineptum,
725 3644 763 3705 ut
797 3641 918 3724 opinor,
948 3642 1065 3706 amoris
1094 3642 1205 3728 ignem
1229 3663 1301 3710 cum

181 3756 257 3839 igne
287 3753 399 3819 urbem
429 3758 586 3819 exurente
608 3772 801 3838 comparare,
822 3773 889 3818 non
911 3759 1040 3839 propter
1061 3757 1129 3820 vim
1151 3762 1187 3824 et
1209 3758 1301 3824 vehe-

183 3869 335 3934 mentiam
370 3867 426 3933 sed
459 3872 587 3952 propter
620 3868 899 3953 pulchritudinem.
931 3867 1013 3948 Non,
1035 3869 1151 3956 hercle,
1174 3872 1300 3940 Aeneae

184 3983 378 4066 Priamoque
401 3983 520 4067 patriae
543 4001 621 4047 suae
642 3981 771 4047 flamma
793 3983 926 4067 pulchra
950 3984 1019 4048 visa
1041 3990 1098 4050 est
1123 3985 1187 4052 Sed
1210 3988 1246 4052 in
1266 4006 1301 4054 ea

182 4103 290 4162 tamen
314 4096 557 4180 acquiescamus
580 4097 728 4180 imagine.
748 4095 833 4172 Quid
851 4097 951 4182 ergo?
970 4097 1062 4163 Felix
1075 4103 1124 4165 est
1136 4098 1299 4168 Maecenas

182 4212 211 4276 si
233 4210 303 4276 eius
323 4228 393 4274 sors
412 4228 487 4274 cum
497 4209 624 4275 Horatii
636 4215 845 4296 comparatur.
859 4209 948 4276 Cur?
962 4209 1122 4289 Quiatam
1132 4215 1296 4300 pulchram
