2954 5130
712 530 752 592 37

397 711 550 776 Premant
573 711 689 779 Calena
711 715 792 780 falce
816 716 934 800 quibus
961 718 1048 782 dedit

397 825 538 890 Fortuna
561 829 668 911 vitem,
692 829 782 895 dives
806 835 838 894 et
861 833 967 896 aureis

442 939 599 1004 Mercator
622 943 762 1007 exsiccet
787 943 915 1008 culullis

489 1053 573 1118 Vina
597 1053 678 1137 Syra
701 1063 847 1141 reparata
874 1077 987 1142 merce,

398 1240 457 1306 Dis
481 1261 574 1308 carus
597 1246 673 1327 ipse,
698 1246 816 1329 quippe
840 1250 888 1310 ter
911 1252 942 1311 et
967 1251 1080 1330 quater

398 1356 495 1419 Anno
518 1357 662 1422 revisens
686 1377 807 1443 aequor
829 1360 1030 1424 Atlanticum

441 1471 585 1556 Impune.
609 1472 662 1538 Me
686 1479 822 1558 pascunt
844 1475 956 1558 olivae,

487 1585 539 1650 Me
563 1587 708 1651 cichorea
731 1587 882 1672 levesque
906 1589 1038 1652 malvae.

178 1815 255 1861 suae
278 1796 346 1880 ipse
363 1795 453 1860 laudi
477 1796 580 1861 offecit
603 1794 790 1880 obstititque
813 1802 912 1882 potita.

221 1909 264 1993 Π,
299 1911 349 1974 20.
383 1909 550 1974 Insulsum
585 1909 816 1995 inficetumque
849 1916 954 1975 totum
985 1912 1046 1975 hoc
1077 1931 1204 1976 carmen
1229 1931 1299 1977 esse

177 2021 281 2087 libens
305 2023 454 2105 concedo,
478 2043 583 2107 neque
607 2043 801 2108 quemquam
827 2030 1018 2109 negaturum
1043 2025 1164 2109 opinor.
1179 2023 1297 2101 Quam-

179 2139 228 2202 vis
259 2138 345 2202 enim
376 2137 480 2221 lepida
511 2139 553 2201 sit
584 2139 768 2202 coniectura
790 2158 855 2222 qua
877 2138 917 2202 ad
941 2138 1167 2223 explicandum
1191 2138 1298 2203 defen-

179 2250 387 2335 dendamque
422 2253 523 2315 utitur
554 2249 804 2337 Peerlkampius,
828 2272 906 2317 num
930 2254 1081 2337 cuiquam
1104 2254 1299 2336 persuaserit

180 2365 329 2449 egregius
365 2365 416 2428 vir
438 2364 643 2430 vehementer
666 2364 785 2429 dubito.
809 2365 882 2429 Non
908 2367 999 2430 video
1023 2367 1121 2451 igitur
1144 2385 1298 2431 curcum

179 2479 408 2562 Peerlkampio‚
432 2498 525 2564 quem
552 2481 610 2543 hac
634 2480 763 2564 quidem
786 2483 820 2544 in
841 2500 875 2545 re
896 2482 1044 2546 nonnulli
1064 2481 1201 2547 editores
1223 2488 1299 2547 sunt

179 2594 292 2676 secuti,
316 2593 474 2677 stropham
500 2595 625 2658 tertiam

401 2780 470 2843 Iam
493 2781 558 2844 iam
581 2780 727 2844 residunt
750 2779 898 2846 cruribus
926 2801 1055 2866 asperae

400 2892 504 2959 Pelles
527 2899 559 2957 at
580 2893 690 2958 album
714 2900 821 2959 mutor
843 2895 877 2957 in
899 2894 1006 2959 alitem

445 3006 598 3092 Superne,
620 3013 863 3091 nascunturque
885 3008 973 3073 leves

490 3121 553 3185 Per
575 3121 691 3206 digitos
714 3140 907 3205 umerosque
929 3122 1067 3206 plumae,

180 3335 322 3418 Horatio,
351 3334 384 3398 id
416 3338 465 3398 est
487 3333 696 3417 ineptissimis
720 3330 839 3416 quibus
863 3333 1003 3417 cingitur
1027 3335 1174 3418 strophis,
1197 3335 1300 3420 indig-

181 3470 254 3514 nam
285 3467 481 3531 censeamus,
505 3467 606 3531 quum
639 3449 823 3531 praesertim
848 3467 912 3532 quo
937 3448 1030 3512 modo
1055 3457 1128 3513 nata
1152 3450 1193 3517 sit
1216 3455 1300 3514 certo

181 3563 454 3648 deprehendamus
488 3561 615 3625 indicio.
650 3560 741 3643 „Non
774 3580 826 3625 me
856 3561 1011 3626 tenebunt
1042 3561 1117 3627 Orci
1141 3562 1300 3628 claustra'’

181 3682 272 3762 poeta
306 3677 350 3740 ait
386 3675 503 3757 „libere
537 3674 620 3738 Icari
652 3676 762 3758 instar,
795 3676 851 3740 sed
882 3675 937 3739 illo
962 3677 1074 3759 tutius,
1096 3695 1154 3760 per
1177 3677 1300 3742 coelum

180 3789 348 3855 volitabo.”
383 3789 464 3854 Eam
499 3793 605 3854 autem
637 3791 826 3854 sententiam
859 3810 959 3873 quum
993 3792 1115 3874 poetice
1145 3809 1302 3856 exornare

181 3905 286 3989 vellet
309 3923 375 3968 non
398 3909 521 3988 poterat
544 3905 591 3968 sic
614 3903 721 3968 subito
745 3902 784 3968 ab
805 3902 887 3968 Orco
908 3904 947 3968 ad
968 3903 1095 3968 icarum
1115 3904 1300 3969 transsilire.

182 4017 408 4105 Quaerendum
443 4019 565 4102 ahquid
604 4023 672 4082 erat
703 4019 789 4102 quod
820 4019 890 4083 viae
913 4020 1060 4101 pontisve
1082 4020 1184 4083 instar
1208 4024 1303 4102 esset,

181 4152 285 4218 neque
307 4139 414 4198 tamen
438 4133 614 4218 quidquam
639 4134 744 4217 aptius
768 4134 963 4218 excogitavit
989 4153 1085 4217 quam
1107 4134 1194 4217 quod
1213 4152 1300 4198 nunc

181 4246 344 4313 habemus.
