2954 5130
765 530 807 595 68

222 735 287 798 ειιε,
318 715 520 797 mulierosus,
547 714 667 793 heMuo‚
695 717 822 800 egregia
845 714 1051 781 Claudiorum
1075 716 1200 782 indoles
1223 736 1337 801 parum

222 826 328 893 Druso
351 828 538 912 profuisset:
562 829 661 912 patris
685 830 771 893 enim
791 828 931 912 adoptivi
951 829 1064 894 similis
1083 828 1187 895 iactus
1207 828 1338 895 esset’'?

196 919 198 925 ⁵
221 941 260 1006 Id
294 946 402 1007 autem
432 961 495 1006 non
527 941 666 1007 voluisse
695 947 819 1026 politam
839 942 1044 1026 perspicuum
1066 947 1123 1026 est,
1145 949 1182 1007 ut
1205 945 1337 1027 opinor;

223 1054 278 1120 sed
301 1054 389 1120 aliud
412 1057 447 1118 in
469 1059 576 1120 mente
601 1053 745 1135 habebat,
769 1053 857 1118 aliud
880 1060 929 1120 θεῖ
950 1054 1104 1120 elocutus.

156 1161 158 1165 ’
265 1167 361 1232 Nunc
396 1167 574 1232 observatio
608 1167 665 1230 illa
700 1167 829 1232 moralis
860 1188 879 1232 a
908 1172 1001 1252 poeta
1029 1168 1218 1250 illustratur,
1239 1169 1338 1232 immo

222 1279 320 1345 altera
343 1282 412 1346 eius
435 1299 524 1364 pars:
550 1280 589 1346 de
613 1279 714 1344 bonae
738 1282 823 1346 enim
847 1281 1045 1345 educationis
1068 1280 1340 1364 utilitatesiletur‚

223 1413 319 1477 quam
353 1393 469 1458 nobilis
504 1394 545 1457 sit
575 1391 675 1456 Drusi
701 1412 790 1477 gens,
822 1413 920 1477 quam
950 1394 1086 1477 egregiis
1107 1392 1161 1458 ille
1184 1394 1225 1457 sit
1248 1397 1340 1457 onus

222 1506 408 1592 parentibus
442 1512 474 1572 et
510 1508 637 1590 proavis
672 1510 827 1569 narratur.
861 1505 1062 1588 Argumenta
1096 1509 1203 1569 autem
1237 1505 1340 1570 utitur

225 1625 317 1705 polita
337 1620 457 1706 proelio
483 1620 569 1704 apud
591 1618 782 1685 Metaurum.
806 1617 854 1684 De
878 1637 915 1684 θο
937 1617 1057 1702 proelio
1082 1638 1164 1702 quae
1187 1618 1341 1683 dicuntur

161 1776 163 1781 -
224 1736 375 1800 maiorem
408 1736 506 1799 totius
540 1734 690 1798 carminis
723 1738 851 1817 partem
879 1732 1018 1816 explent,
1052 1750 1187 1816 eamque
1216 1737 1341 1816 partem

224 1848 325 1913 multo
348 1846 610 1933 praecedentibus
632 1851 792 1931 praestare
815 1862 920 1931 neque
940 1865 999 1933 ego
1017 1864 1099 1930 nego
1110 1864 1215 1930 neque
1229 1864 1342 1930 quem-

208 1955 322 2047 'quam
345 1967 534 2047 negaturum
558 1960 922 2046 opinor.1nsuntenim
944 1960 1099 2044 quaedam
1120 1958 1342 2044 egregiedicta

225 2093 403 2160 versusque
441 2075 585 2139 omnium
619 2075 829 2138 admiratione
864 2074 1053 2158 dignissimi.
1086 2071 1200 2157 Neque
1233 2076 1342 2137 tamen

226 2189 312 2254 vitiis
345 2189 449 2273 iisque
483 2188 654 2253 admodum
687 2186 839 2272 gravibus
870 2192 918 2252 θεῖ
947 2188 1109 2252 immunis.
1138 2184 1231 2262 Quod
1254 2187 1342 2251 enim

228 2302 267 2367 de
288 2321 385 2368 versu
405 2302 447 2366 41

449 2463 513 2541 Qui
534 2466 659 2549 primus
682 2464 765 2529 alma
788 2465 859 2530 risit
881 2464 996 2529 adorea

227 2636 377 2703 observat
409 2637 649 2722 Peerlkampius
685 2642 749 2703 tam
783 2599 895 2703 verum
927 2642 985 2722 θεῖ,
1009 2642 1074 2702 tam
1099 2642 1191 2702 extra
1214 2657 1343 2702 omnem

228 2750 458 2817 dubitationem
480 2754 631 2837 positum,
654 2757 690 2817 ut
713 2752 808 2836 vulgo
832 2752 891 2815 bac
915 2769 1045 2836 quoque
1068 2753 1101 2816 in
1126 2771 1159 2817 re
1184 2752 1214 2816 ei
1233 2751 1345 2817 doctos

231 2871 495 2933 commentatores
518 2864 649 2950 obloqui
672 2866 780 2930 mirari
803 2867 880 2930 satis
904 2884 970 2929 non
992 2866 1121 2949 possim.
1145 2865 1231 2930 Ante
1253 2883 1346 2950 proe-

231 2977 310 3043 lium
352 2980 438 3063 apud
478 2978 658 3044 Metaurum
700 2979 777 3044 alias
820 2978 925 3044 clades
958 2983 1147 3064 acceperunt
1182 2976 1346 3062 Carthagi·

233 3093 370 3176 nienses,
403 3092 522 3177 quibus
551 3094 633 3158 illud
663 3098 826 3178 tamquam
850 3093 1000 3158 cumulus
1022 3094 1155 3157 accessit
1178 3092 1346 3177 effecitque

234 3211 271 3272 ut
291 3225 423 3291 prorsus
446 3226 535 3292 spem
559 3207 729 3293 deponeret
748 3206 918 3272 Hannibal.
935 3205 1033 3273 Recte
1051 3225 1125 3292 ergo
1146 3212 1177 3272 et
1195 3207 1346 3272 historiae

233 3321 459 3387 convenienter
480 3320 695 3387 Hannibalem
718 3322 874 3388 dicentem
896 3321 1021 3386 inducit
1042 3320 1214 3386 Horatius:

455 3482 636 3568 Carthagini
658 3485 722 3548 iam
745 3503 810 3548 nou
834 3503 892 3568 ego
916 3483 1047 3548 nuntios

372 3590 376 3598 '
454 3596 578 3662 Mittam
602 3596 773 3682 superbos:
797 3596 920 3680 occidit,
946 3596 1061 3662 occidit

499 3709 577 3796 Spes
600 3711 704 3775 omnis
727 3715 758 3775 et
779 3710 907 3775 fortuna
933 3711 1037 3774 nostri

542 3824 689 3890 Nominis
710 3823 913 3889 Hasdrubale
934 3825 1134 3908 interempto.

269 3999 342 4083 ¹Sed
362 4019 443 4087 quae
463 4000 502 4065 de
521 4018 558 4065 eo
570 4000 689 4084 proelio
701 4000 894 4084 praecedunt
905 4000 1011 4064 omnia
1023 4004 1099 4064 sunt
1111 4019 1231 4084 susque
1244 4000 1349 4085 deque

236 4114 359 4179 habita:
387 4113 484 4195 „Post
506 4112 814 4198 Carthaginiensium
837 4113 871 4176 in
894 4111 1020 4177 Italiam
1039 4112 1347 4197 adventumprimus

235 4227 340 4293 laetus
373 4225 492 4292 affth
521 4226 588 4292 dies
616 4246 680 4314 quo
710 4226 750 4292 ad
779 4225 962 4292 Metaurum
991 4231 1170 4311 pugnatum
1193 4232 1250 4309 θεῖ,
1272 4227 1349 4298 inde
