2954 5130
697 472 760 534 leo

166 674 274 720 carere
307 675 372 720 non
406 661 514 740 potes3
549 661 582 720 et
611 676 725 740 quum,
755 659 884 743 coniugi
916 659 994 724 dum
1024 660 1118 725 affert
1140 662 1295 746 salutem,

165 769 235 854 ipsa
268 775 386 834 certam
419 775 584 854 exspectat
616 771 787 855 perniciem
822 791 915 854 uxor,
946 773 1026 858 quid
1055 773 1097 838 ab
1120 775 1179 838 illo
1204 780 1295 859 petat

167 885 272 967 potius
302 902 400 968 quam
432 888 468 947 ut
497 882 591 946 titulo
614 882 784 967 sepulcrali
806 884 960 969 praeclari
983 885 1058 950 facti
1079 886 1178 952 faciat
1200 907 1294 953 men·

166 998 309 1062 tionem?
332 995 442 1062 Cetera
466 1016 549 1081 quae
570 996 677 1060 attufit
695 996 882 1082 Zingerleua
899 1000 991 1083 parvi
1008 1003 1165 1065 momenti
1175 1002 1294 1067 viden·

166 1117 227 1176 tur.
261 1110 362 1176 Vides
391 1129 444 1175 me
472 1130 537 1175 non
564 1111 604 1175 ad
626 1110 841 1195 Peerlkampii
863 1111 1035 1197 confugere
1057 1116 1297 1199 coniecturam,

167 1226 224 1308 qui
253 1223 421 1290 Horatiani
443 1226 593 1289 carminis
615 1225 778 1309 stropham
803 1224 947 1290 ultimam
970 1231 1138 1310 tamquam
1161 1247 1181 1293 e
1203 1229 1293 1294 frus·

166 1338 243 1403 tulis
265 1336 431 1403 Ovidimis
454 1340 706 1403 consarcinatam
728 1337 862 1403 Horatio
884 1338 1055 1405 abiudicat

210 1451 360 1535 llythum
384 1453 423 1517 de
445 1450 557 1517 Danae
579 1454 685 1517 iocose
708 1458 845 1537 uterque
863 1459 957 1538 poeta
974 1455 1216 1539 interpretatur.
1232 1455 1294 1538 „ln

166 1568 325 1652 pretium”
349 1568 434 1632 enim
458 1585 650 1631 conversum
669 1566 765 1631 deum
785 1573 921 1651 uterque
938 1566 1039 1652 fingit,
1058 1588 1126 1654 quo
1137 1570 1294 1636 custodes

166 1688 383 1768 corrumperet
419 1680 573 1745 Horatius
608 1680 677 1764 (ΙΠ,
714 1681 764 1764 16,
798 1682 841 1764 4),
874 1700 939 1766 quo
973 1683 1109 1766 virginis
1144 1703 1290 1750 amorem
1410 1766 1413 1773 Ι

166 1807 285 1864 emeret
308 1796 444 1862 Ovidius
466 1796 551 1877 (Am.
573 1793 633 1877 111,
656 1795 686 1876 8,
710 1795 752 1858 29
776 1796 865 1879 sqq.).
888 1793 969 1859 Esse
987 1795 1040 1859 hic
1060 1796 1204 1882 aliquam
1217 1800 1293 1862 imi·

167 1913 296 1977 tationis
329 1911 543 1995 suspicionem
577 1908 792 1990 concederem,
825 1909 854 1973 si
884 1913 988 1972 totum
1018 1909 1191 1973 inventum
1223 1930 1293 1975 non

165 2035 230 2094 tam
266 2027 458 2093 Ouidianum
489 2030 580 2090 esset
609 2023 692 2087 Nam
722 2028 852 2109 propter
880 2021 1045 2106 vocabula,
1069 2041 1154 2107 qnae
1176 2024 1293 2090 eadem

166 2144 252 2230 apud
286 2148 461 2226 utrumque
493 2140 656 2224 leguntur,
691 2137 857 2223 Zingerleo
888 2138 1038 2202 assentiri
1068 2137 1155 2204 nolo.
1178 2137 1294 2204 Pauca

166 2261 250 2325 enim
283 2278 320 2323 ea
352 2262 429 2322 sunt
460 2262 491 2319 et
513 2254 666 2338 vulgaria
689 2251 788 2337 Apud
809 2250 980 2316 Horatium
1003 2251 1138 2336 legitur:
1167 2253 1294 2334 „turris

166 2374 295 2456 ahenea,
325 2370 539 2452 robustaeque
570 2365 684 2431 lores''
707 2365 804 2450 Apud
829 2363 999 2429 Ovidium:
1026 2366 1146 2447 „serati
1168 2371 1295 2451 postes,

165 2489 267 2556 ferrea
289 2483 420 2552 turris.”
443 2483 541 2567 Apud
564 2481 752 2546 Horatium:

389 2623 550 2688 Converso
571 2623 606 2686 in
628 2622 766 2707 pretium
789 2619 848 2684 deo

209 2777 308 2866 Apud
331 2774 500 2840 Ovidium:

582 2862 719 2946 pretium
742 2861 879 2944 virginis
901 2861 971 2943 ipse
991 2858 1061 2923 fuit.

208 3038 394 3121 Augustum
429 3031 546 3094 deum
582 3045 682 3110 quum
720 3043 813 3108 saepe
847 3030 983 3107 uterque
1014 3027 1107 3107 potita
1135 3022 1294 3109 laudarit,

166 3152 347 3222 mirandum
383 3166 447 3211 non
483 3149 532 3209 est
562 3141 659 3207 simili
691 3139 785 3203 modo
809 3137 1033 3222 similibusque
1055 3136 1163 3202 verbis
1186 3139 1294 3203 inter·

165 3271 241 3336 dum
273 3266 306 3332 id
337 3263 376 3329 ab
406 3267 542 3343 auoque
564 3257 684 3320 factum
708 3273 786 3319 esse.
810 3251 872 3317 Sed
896 3271 979 3337 quae
1001 3250 1087 3335 apud
1110 3248 1169 3314 Ov.
1193 3250 1294 3317 Trist

165 3383 208 3470 ΙΙ,
232 3383 295 3447 174
325 3381 478 3464 leguntur
504 3379 568 3438 tem
592 3374 726 3454 cognata
751 3366 916 3451 Zingerleo
939 3366 1091 3431 videntur
1114 3365 1180 3430 illis
1204 3386 1295 3450 qnae

164 3500 320 3568 Horatius
344 3492 437 3560 habet
460 3488 574 3573 (Germ.
597 3485 654 3568 IV,
682 3485 731 3566 14,
755 3484 816 3563 33),
840 3487 878 3546 ut
900 3485 1040 3545 statuere
1063 3497 1129 3543 non
1142 3478 1293 3558 dubitet:

301 3646 400 3732 „Hier
433 3645 475 3708 ist
510 3640 561 3705 die
590 3636 811 3702 Reminiscenz
838 3631 922 3696 wohl
944 3631 1025 3696 iiber
1046 3631 1130 3695 allen
1153 3629 1289 3698 Zweifel

254 3756 424 3832 erhaben.”

164 3929 289 4003 llorotll
313 3927 398 3995 enim
423 3919 519 3988 verba
542 3921 633 3983 sunt:

428 4085 471 4153 Te
494 4083 609 4168 copias,
630 4082 661 4143 te
684 4069 853 4138 consilium
879 4074 911 4133 et
932 4076 1006 4135 tuos

430 4196 606 4269 Praebente
628 4190 727 4255 divos.
