2954 5130
720 497 761 561 57

177 684 367 770 aequalibus
400 685 499 751 fastos
531 685 715 751 consulares
746 685 824 751 adeo
855 687 890 750 in
920 692 1068 772 promptu
1099 687 1235 755 habebat
1257 694 1295 754 ut

177 800 284 864 statim
318 801 413 865 sciret
446 800 485 866 de
519 819 583 885 quo
618 799 746 865 Metello
781 800 833 864 hic
864 805 948 866 esset
978 819 1090 866 sermo.
1114 801 1156 867 Et
1178 804 1206 868 si
1228 804 1292 868 iam

177 913 284 977 statim
325 914 444 978 scirent
485 931 605 996 omnes,
646 932 743 998 quam
785 932 900 998 parum
933 915 1054 999 poetice
1089 915 1209 981 dietum
1245 922 1293 982 est

177 1031 328 1091 motum
362 1045 413 1091 ex
443 1025 618 1092 Metello
649 1027 833 1092 consule.
863 1026 953 1092 Idem
977 1033 1025 1093 est
1047 1048 1084 1093 ao
1107 1030 1135 1094 si
1158 1030 1290 1096 diceret:

177 1158 262 1204 anno
295 1138 385 1205 urbis
421 1139 494 1204 694.
531 1138 599 1205 Nec
633 1140 738 1205 solum
771 1140 951 1225 pedestrem
985 1159 1164 1208 sermonem
1197 1143 1293 1209 refert

177 1259 328 1339 caretque
351 1273 389 1319 ea
411 1254 569 1339 elegantia
592 1274 689 1338 quam
714 1255 821 1338 quivis
844 1253 966 1338 flagitat
987 1274 1110 1338 versus,
1129 1257 1291 1343 sedetiam

177 1368 321 1453 ineptum
344 1373 400 1433 est.
422 1366 613 1452 Requiritur
636 1367 757 1452 aliquid
781 1369 938 1433 eiusmodi
959 1369 1045 1453 quod
1064 1371 1170 1435 statim
1183 1371 1293 1436 lectori

177 1485 252 1546 ante
286 1482 396 1546 oculos
430 1486 527 1566 ponat
561 1480 637 1547 belli
668 1482 770 1546 civilis
802 1483 939 1565 initium,
962 1482 1083 1568 aliquid
1109 1484 1194 1567 quod
1217 1485 1293 1551 belli

181 1595 304 1661 dederit
323 1615 434 1661 ansam
454 1596 505 1661 vel
525 1597 664 1681 primum
684 1595 761 1661 belli
773 1598 901 1680 signum
913 1596 1018 1680 fuerit,
1030 1596 1135 1662 velut:
1147 1597 1294 1664 Rubicon

178 1708 348 1789 traiectus;
378 1709 559 1793 principum
582 1711 727 1773 virorum
751 1708 894 1775 Caesaris
917 1714 948 1775 et
970 1709 1114 1796 Pompeii
1137 1712 1294 1796 alienatio,

177 1821 277 1886 nimia
300 1821 537 1886 alteriusutrius
559 1824 707 1906 potentia
734 1819 899 1906 Quidquid
919 1842 960 1887 ex
980 1823 1040 1888 hoc
1057 1843 1174 1909 genere
1194 1826 1293 1891 dixis-

178 1943 226 2002 set
260 1941 352 2021 poeta
386 1937 501 2001 melius
538 1941 622 2002 esset
652 1957 748 2022 quam
779 1937 902 2022 puerile
931 1938 1022 2003 istud
1050 1957 1100 2004 ex
1121 1938 1292 2005 Metello

178 2051 364 2116 consule.

221 2163 346 2230 Vitia.
368 2165 508 2230 Versum
531 2164 638 2250 explet
659 2166 738 2230 haec
757 2185 832 2250 vox,
851 2185 948 2232 sensu
969 2171 1061 2231 caret.
1073 2165 1194 2232 Nullus
1207 2169 1292 2233 enim

178 2279 208 2342 ei
230 2278 320 2343 loeus
344 2284 399 2356 est,
424 2278 481 2342 nbi
504 2278 647 2345 debello
671 2279 759 2343 cirili
782 2280 894 2364 agitur.
914 2279 1091 2365 imperator
1102 2282 1159 2365 qui
1170 2280 1292 2347 bellum

177 2392 259 2475 gerit
283 2411 355 2456 oum
383 2391 526 2457 barbaris
549 2393 710 2458 interdum
734 2394 850 2459 vitium
873 2395 1003 2478 aliquod
1025 2397 1210 2460 committit:
1232 2397 1293 2460 im·

95 2519 97 2523 ’
177 2505 350 2590 prudenter
372 2507 480 2572 hostes
501 2507 653 2596 adoritur,
675 2507 789 2592 proelii
811 2510 970 2593 egregiam
994 2510 1191 2574 occasionem
1203 2529 1293 2595 prae-

177 2620 334 2702 termittit,
364 2619 472 2686 hostes
495 2621 605 2706 pulsos
628 2622 691 2685 iam
715 2626 746 2686 et
768 2623 802 2686 in
825 2623 934 2708 fugam
958 2642 1129 2688 conversos
1152 2643 1170 2688 e
1193 2626 1293 2688 mani-

178 2731 240 2797 bus
260 2732 342 2798 elabi
359 2734 492 2818 patitur,
505 2738 609 2799 cetera
621 2734 859 2816 huiuscemodi;
872 2754 974 2821 eaque
985 2737 1120 2819 scriptor
1130 2735 1293 2801 Romanus

179 2865 252 2910 oum
288 2846 395 2912 dolore
430 2847 574 2932 quodam,
604 2851 836 2914 commemorat.
867 2847 980 2933 Saepe,
1000 2868 1128 2934 qnoque
1160 2849 1294 2914 stultitia

177 2965 310 3045 peccant
343 2961 466 3027 hostes:
501 2957 663 3026 Hannibal
697 2982 799 3046 quum
833 2962 945 3028 mbem
977 2982 1088 3048 capere
1120 2969 1226 3047 posset
1257 2983 1293 3029 ea

177 3075 326 3140 facultate
356 3077 391 3139 in
419 3081 560 3161 tempore
582 3077 630 3141 uti
653 3077 804 3162 neglexit,
827 3077 949 3142 otiosos
972 3076 1134 3142 desidebat
1157 3075 1294 3162 Capuae,

177 3189 295 3254 milites
328 3209 405 3255 suos
438 3192 538 3255 nimio
574 3192 736 3276 corrumpi
767 3191 852 3256 luxu
876 3190 1008 3257 sinebat.
1030 3190 1080 3256 Ne
1103 3210 1140 3256 ea
1164 3192 1292 3276 quidem

177 3303 294 3368 referre
317 3303 455 3389 negliget
477 3302 589 3369 Livius
613 3304 738 3388 aliquis.
761 3304 806 3369 At
826 3304 944 3370 bellum
969 3305 1063 3370 civile
1081 3308 1185 3369 totum
1204 3306 1294 3370 triste

177 3423 234 3502 est,
268 3418 460 3502 miserabile,
489 3419 702 3485 lacrimosum.
732 3419 821 3484 Nihil
850 3422 884 3485 in
915 3439 952 3486 eo
983 3401 1103 3486 laetum
1134 3424 1191 3502 est,
1213 3420 1294 3483 nihil

179 3532 265 3617 quod
297 3534 398 3617 magis
427 3552 524 3617 quam
547 3537 651 3599 cetera
672 3535 779 3598 omnia
802 3533 961 3617 scribenti,
984 3533 1111 3617 legenti,
1133 3534 1293 3617 reputanti

177 3651 304 3711 moreat
326 3645 473 3712 dolorem.
496 3644 545 3712 De
570 3646 713 3712 Caesaris
736 3652 842 3712 autem
866 3647 1036 3731 erroribus,
1059 3651 1096 3712 ut
1115 3647 1156 3711 ad
1174 3646 1294 3712 bellum

178 3762 271 3826 civile
304 3760 344 3826 de
378 3779 441 3845 quo
472 3760 524 3825 hio
555 3762 661 3847 agitur
684 3767 852 3844 transeam,
872 3763 1010 3826 otiosum
1036 3763 1078 3827 sit
1100 3761 1212 3844 dicere,
1237 3763 1294 3846 qui

179 3874 352 3939 adversarii
374 3874 480 3958 copias
502 3873 630 3958 fugarit,
649 3873 840 3959 disperserit,
861 3873 1044 3959 profligarit.
1065 3876 1110 3939 At
1128 3876 1294 3960 suaoulpa

179 3987 282 4054 effecit
315 3986 487 4070 Pompeius
518 3992 555 4052 ut
586 3986 701 4053 Caesar
723 3993 787 4054 tam
811 3987 1009 4073 splendidam
1032 3993 1206 4072 reportaret
1227 3991 1293 4054 vic-

179 4104 299 4168 toriam.
322 4101 491 4167 Faciamus
513 4121 645 4186 prorsus
668 4105 713 4168 ita
736 4122 771 4169 se
788 4123 857 4169 rem
876 4103 1008 4170 habere:
1029 4123 1070 4168 an
1082 4122 1157 4189 ergo
1170 4124 1293 4171 errores

178 4215 218 4281 ab
262 4234 299 4281 eo
333 4217 519 4283 commissos
557 4218 664 4282 vitia
698 4217 855 4302 appellare
888 4223 991 4303 potest
1024 4217 1195 4286 historicus
1229 4218 1290 4285 sub
