2954 5130
756 505 797 569 70

218 696 278 779 die,
312 699 349 759 ut
384 694 428 758 ait
461 691 574 757 Livius
604 690 742 776 (XXIH,
774 690 826 777 161
858 710 955 776 quem
984 691 1091 756 locum
1116 690 1205 756 affert
1227 689 1336 755 Peerl-

216 808 377 894 kampius)
410 808 545 891 „iugens
567 824 628 889 rea,
651 825 688 871 ac
712 807 820 871 nescio
844 824 885 870 an
908 805 1050 870 maxima
1069 804 1125 869 illo
1143 803 1227 870 bello
1244 807 1336 890 gesta

218 925 268 988 sit
291 922 364 987 Non
388 923 474 986 vinci
496 919 643 986 animab
667 918 848 984 Hannibale
870 918 1074 985 vincentibus
1099 917 1260 983 difficilius
1271 917 1336 983 fuit

219 1056 316 1122 quam
350 1040 458 1120 postea
491 1032 649 1098 vincere''.
680 1032 870 1098 Rectissime
893 1052 968 1118 ergo
990 1031 1152 1097 Nolanum
1176 1032 1336 1116 proelium

218 1152 378 1233 comparat
411 1146 652 1231 Peerlkampius
686 1165 760 1210 oum
794 1145 914 1210 Briliae
949 1145 1056 1230 oppidi
1088 1147 1336 1231 expugnatione,

220 1281 316 1347 quam
350 1266 440 1346 grata
473 1261 663 1325 nostratium
695 1261 849 1326 memoria
880 1259 1038 1325 celebrare
1067 1260 1148 1325 solet
1170 1264 1336 1345 umquam

219 1382 344 1461 ereptae
373 1394 391 1440 e
421 1375 715 1440 crudelissimorum
742 1379 953 1456 tyrannorum
977 1375 1192 1439 dominatione
1214 1376 1336 1458 patriae

219 1491 357 1554 initium.
388 1487 452 1552 Hic
479 1507 554 1554 vero
577 1507 643 1552 non
666 1487 705 1553 de
727 1486 852 1552 Nolano
875 1487 994 1572 proelio
1018 1507 1130 1553 verum
1154 1487 1193 1553 de
1215 1487 1335 1572 proelio

220 1603 261 1668 ad
293 1600 474 1666 Metaurum
506 1600 664 1666 eiusmodi
687 1601 808 1684 aliquid
832 1601 964 1665 dicitur:
992 1602 1133 1684 „primus
1155 1601 1210 1665 ille
1232 1600 1337 1667 laetus

219 1714 373 1779 Romanis
396 1714 464 1780 dies
487 1713 567 1794 fuit3
591 1713 685 1778 multi
708 1713 761 1777 alii
781 1719 858 1778 sunt
877 1715 987 1797 secuti,
1005 1714 1132 1778 tandem
1153 1714 1236 1779 dixit
1246 1712 1337 1778 Han·

219 1828 323 1893 nibal:
358 1846 383 1892 e.
397 1848 426 1911 q.
439 1826 484 1892 s.’'
519 1826 553 1892 Si
586 1847 661 1913 ergo
691 1826 825 1892 Horatio
849 1832 978 1892 auctore
1000 1829 1110 1911 utaris,
1133 1826 1337 1894 Metaurense

221 1941 376 2026 proelium
408 1960 481 2005 cum
505 1939 624 2004 Briliae
645 1940 882 2025 expugnatione
905 1959 1084 2024 compares:
1108 1959 1146 2006 ea
1169 1945 1276 2007 autern
1299 1946 1338 2007 ut

220 2057 375 2121 lactares
397 2056 443 2118 ita
465 2056 582 2118 ominis
604 2055 705 2119 instar
727 2054 788 2119 fuit
813 2055 913 2139 magis
937 2074 1033 2138 quam
1054 2055 1206 2121 victoriae
1218 2061 1337 2121 certam

221 2168 380 2234 afferentis
414 2169 623 2233 securitatem.
657 2167 756 2233 Podta
790 2186 874 2252 argo,
904 2169 932 2232 si
963 2167 1023 2232 sibi
1055 2168 1165 2233 saltem
1191 2174 1337 2235 cenetam

221 2281 328 2366 uellet¹
363 2284 411 2346 uti
441 2281 497 2345 illo
527 2281 646 2365 proelio
669 2286 791 2365 poterat
814 2281 855 2370 ad
877 2280 1160 2346 demonstrandum
1186 2280 1336 2349 Claudios

221 2394 321 2460 fuisse
356 2395 417 2459 diis
452 2395 684 2460 immortalibus
719 2395 955 2472 dilectissimum
993 2395 1033 2458 ad
1056 2395 1352 2460 demonstrandum.

223 2509 417 2593 praeclaram
452 2528 561 2574 eorum
596 2509 697 2574 fuisse
719 2511 754 2573 in
777 2508 860 2574 bello
884 2528 1010 2593 operam
1034 2528 1099 2573 non
1122 2513 1252 2593 poterat
1276 2508 1338 2575 Sed

224 2642 338 2708 parum
360 2627 470 2687 utrum
494 2622 555 2687 sibi
578 2628 735 2688 constaret
758 2642 799 2686 an
818 2622 953 2687 ridicule
972 2621 1198 2708 obloqueretur
1209 2642 1339 2690 curasse

224 2735 360 2799 ridetur.
384 2733 448 2811 Qui
470 2737 555 2800 enim
580 2736 673 2800 modo
698 2735 815 2799 dixerit
837 2736 993 2819 proelium
1017 2736 1057 2800 ad
1077 2735 1258 2802 Metaurum
1270 2736 1339 2801 feli·

224 2849 328 2913 citatis
350 2846 513 2912 Romanae
534 2847 634 2914 fuisse
656 2849 830 2914 initium
853 2867 1001 2933 ergoque,
1023 2850 1087 2914 nisi
1106 2855 1137 2915 et
1156 2849 1340 2916 aliaesecu-

222 2966 273 3027 tae
296 2966 404 3027 essent
426 2962 586 3047 victoriae,
610 2961 799 3027 mediocrem
819 2962 1038 3027 tantummodo
1058 2963 1145 3027 illam
1164 2961 1340 3028 Hannibali

226 3075 367 3141 futuram
392 3075 493 3140 fnisse
516 3075 646 3154 cladem,
669 3075 774 3141 subito
796 3077 923 3141 veritati
948 3076 1117 3142 historicae
1138 3096 1254 3142 manus
1277 3077 1340 3162 dat,

222 3188 506 3274 Hannibalemque
529 3190 569 3255 ad
588 3209 747 3254 summam
768 3189 1020 3274 desperationem
1039 3191 1203 3257 redactum
1215 3191 1340 3258 inducit
1382 3280 1385 3285 Ι

223 3305 467 3370 lamentantem:

799 3464 933 3551 Occidit,
955 3467 1071 3532 occidit

487 3577 566 3664 Spes
588 3573 692 3643 omnis
716 3584 747 3645 et
768 3579 898 3645 fortuna
920 3581 1022 3645 nostri

532 3690 680 3756 Nominis
703 3691 905 3758 Hasdrubale
926 3694 1127 3778 interempto.

268 3868 354 3946 Quid
383 3872 432 3934 est
462 3866 550 3932 aliud
571 3884 685 3931 versus
708 3867 845 3933 conflare
869 3868 908 3933 de
931 3886 1042 3933 eorum
1066 3870 1223 3935 sententia
1246 3889 1336 3936 secu·

223 4002 296 4048 rum
329 3983 393 4047 nisi
416 3982 475 4046 hoc
499 3980 570 4046 est?
595 3976 679 4057 Quid
702 3982 813 4046 attinet
836 3982 993 4046 eiusmodi
1017 4001 1144 4048 carmen
1168 3984 1337 4049 emendare

223 4095 304 4161 velle
326 4094 448 4179 aliquot
470 4095 577 4159 eiectis
596 4092 766 4159 versibus?
787 4092 835 4159 De
854 4093 1001 4160 versibus
1021 4100 1128 4160 autem
1150 4097 1236 4160 2-4
1255 4102 1287 4162 et
1306 4098 1336 4181 6,

225 4227 305 4294 quos
347 4208 475 4273 damnat
511 4206 761 4292 Peerlkampius‚
794 4210 857 4272 iam
892 4208 1048 4273 vidimus:
1083 4209 1156 4274 illos
1191 4210 1337 4294 neglecta
