2954 5130
770 496 812 560 14

231 686 268 746 ut
299 679 414 748 Obloae
443 701 582 748 amorem
613 684 748 748 incutiat
778 687 920 768 rogatur,
943 703 1008 748 non
1033 682 1198 768 Cupidinis
1221 685 1345 769 sagittis

232 794 367 860 sed...
398 794 574 859 sublimi
601 794 804 880 flagello?
835 797 983 863 Afferunt
1014 797 1142 881 quidem
1173 797 1257 861 docti
1286 797 1346 861 hos

230 907 346 972 tibull
369 927 482 973 versus
502 907 540 991 (l,
563 910 593 992 8,
618 910 637 972 5
661 911 736 994 sq.):

385 1056 461 1143 Ipsa
482 1056 596 1123 Venus
618 1060 742 1144 magico
766 1058 934 1144 religatum
960 1058 1090 1124 brachia
1112 1057 1196 1124 nodo

429 1170 600 1237 Perdocuit
625 1172 735 1238 multis
758 1191 825 1237 non
849 1173 919 1237 sine
941 1171 1137 1256 verberibus,

231 1336 287 1402 sed
320 1334 401 1398 nihil
430 1335 465 1398 in
498 1335 540 1399 iis
574 1339 623 1399 est
654 1334 821 1418 praesidii:
852 1333 898 1398 ibi
920 1335 1006 1398 enim
1027 1338 1120 1418 polita
1141 1333 1284 1418 loquitur
1308 1333 1348 1399 de

230 1449 495 1530 deservitura,
518 1467 614 1531 quam
639 1445 699 1513 sub
724 1446 851 1510 domina
876 1445 1003 1511 Venere
1026 1447 1067 1510 sit
1090 1465 1268 1532 perpessus.

275 1561 427 1628 Minusne
458 1566 507 1626 est
530 1560 702 1626 ridiculum
726 1560 814 1644 quod
835 1559 897 1642 III,
920 1560 961 1623 21
985 1565 1077 1644 poeta
1100 1561 1168 1624 vini
1193 1559 1348 1642 „testam”

231 1676 278 1741 sic
300 1675 491 1758 alloquitur:

452 1822 495 1888 Te
517 1820 614 1886 Liber
636 1826 668 1887 et
690 1823 719 1887 si
742 1821 825 1886 laeta
847 1820 948 1886 aderit
969 1822 1082 1888 Venus

451 1915 635 2020 segnesque
661 1934 783 1999 nodum
809 1934 932 2001 solvere
955 1934 1082 2001 Gratiae

495 2050 662 2134 Vivaeque
684 2049 863 2135 producent
888 2050 1039 2117 lucernae

539 2162 625 2230 Dum
649 2164 777 2230 rediens
800 2163 891 2249 fugat
912 2170 998 2230 astra
1019 2164 1178 2231 Phoebus.

275 2327 338 2392 Ubi
362 2345 436 2411 ergo
458 2325 552 2392 Liber
574 2325 726 2391 Liberum
749 2327 925 2412 producere
948 2327 1076 2392 dicitur

275 2439 419 2526 Magisne
442 2445 519 2505 sunt
542 2439 722 2524 probandae
745 2439 902 2506 absurdae
920 2440 994 2505 illae
1011 2440 1185 2505 inferorum
1205 2441 1342 2528 descrip-

231 2555 334 2620 tiones
364 2553 418 2639 (ΙΙ,
443 2555 484 2618 13
509 2559 540 2618 et
564 2554 627 2637 19),
658 2573 741 2640 quae
768 2574 863 2638 quam
887 2557 951 2620 sint
973 2553 1057 2619 bono
1079 2559 1172 2639 polita
1194 2555 1344 2640 indignae

231 2670 356 2754 egregie
389 2667 551 2753 apparebit
581 2669 609 2735 si
639 2669 813 2734 contuleris
844 2670 997 2735 eximium
1021 2669 1107 2754 apud
1131 2667 1281 2735 Ovidium
1305 2670 1344 2736 de

232 2779 356 2867 Orpheo
379 2783 501 2846 animes
523 2781 719 2847 carminibus
739 2781 954 2866 permulcente
972 2783 1078 2847 locum
1098 2781 1169 2868 (LX,
1189 2783 1232 2847 40
1253 2786 1342 2870 sqq.).

275 2895 426 2961 lllinusne
455 2897 562 2981 inepte
591 2901 683 2980 pe'e'ta
706 2898 740 2960 in
763 2899 1002 2963 enumeratione
1023 2917 1129 2962 rerum
1155 2899 1343 2984 mythologi-

231 3028 350 3093 carum,
373 3027 454 3096 quae
477 3028 552 3074 cum
574 3010 648 3074 allio
670 3012 731 3075 isto
756 3012 881 3075 viscera
903 3016 1057 3076 exurente
1079 3013 1255 3097 comparari
1272 3031 1344 3099 pos·

166 3197 168 3201 ,
231 3125 303 3207 sint,
326 3124 384 3189 hos
408 3124 514 3208 posuit
537 3143 649 3190 versus
673 3123 783 3209 (Epod.
807 3124 886 3205 ml:

430 3274 498 3340 Neo
521 3295 641 3341 munus
664 3276 806 3342 humeris
830 3275 965 3341 efficacis
988 3275 1137 3343 Herculis

474 3388 592 3455 Inareit
610 3391 815 3456 aestuosius?

276 3552 338 3620 Sed
374 3555 414 3621 ad
453 3556 589 3620 alterum
625 3554 847 3639 disputationis
881 3554 985 3618 locum
1021 3556 1251 3621 transeundum
1288 3561 1344 3622 eet.

232 3667 378 3746 Quonam
414 3672 494 3735 mihi
527 3670 643 3734 ducere
676 3669 844 3733 videantur
878 3673 990 3732 acutae
1020 3668 1207 3753 lepidaeque
1237 3670 1343 3736 Peerl-

231 3782 350 3867 lrampii
384 3783 629 3865 observationes,
663 3783 690 3847 si
723 3786 808 3847 reete
840 3783 881 3847 iis
915 3786 1055 3864 utamur,
1087 3785 1150 3848 iam
1186 3788 1224 3849 ut
1252 3787 1343 3868 potui

231 3895 378 3959 indicavi

691 4120 882 4131 .......-——--
