2954 5130
754 496 796 566 60

218 687 368 753 historiae
390 685 577 752 scribendae
599 704 725 769 operam
751 683 841 748 dabis
865 683 1040 748 vacandum
1065 681 1128 746 tibi
1151 681 1211 747 erit
1229 679 1269 744 ab
1291 681 1347 745 iis·

218 800 404 867 muneribus
424 800 543 885 quibus
563 800 647 884 apud
668 802 754 865 cives
767 799 925 884 egregiam
937 798 1053 862 famam
1065 815 1099 862 es
1112 794 1334 861 consecutus.’'

220 912 311 991 Quod
332 915 406 979 licet
428 935 447 978 a
470 913 630 979 scribendi
653 913 785 979 consilio
809 913 987 977 revocantis
1012 916 1095 977 esset
1115 912 1216 996 magis
1237 930 1335 995 quam

217 1029 422 1112 adhortantis,
457 1034 562 1093 tamen
600 1028 806 1112 enumeratio,
836 1046 918 1111 quae
948 1045 1035 1091 nunc
1059 1027 1127 1091 sine
1150 1025 1218 1090 ulla
1236 1044 1334 1089 causa

214 1143 414 1224 interiieitur,
442 1142 543 1206 multo
567 1142 661 1206 etiam
684 1142 821 1225 ineptior
844 1140 978 1205 videtur.

263 1256 319 1322 Vs.
352 1257 492 1320 17-24.
527 1255 654 1340 Ergone
685 1255 878 1340 tragoediam
908 1255 1053 1319 facturus
1076 1257 1124 1318 est
1146 1251 1260 1337 Pollio,
1283 1251 1335 1316 vel

222 1388 347 1435 carmen
373 1369 560 1434 heroicum?
583 1367 654 1432 Hoc
677 1366 786 1432 credas
808 1371 936 1452 propter
959 1385 1073 1432 versus
1097 1365 1245 1428 17-20:

438 1531 507 1597 Iam
530 1551 618 1597 nunc
638 1533 756 1596 minaei
779 1549 944 1596 murmure
967 1550 1125 1596 cornuum

442 1645 637 1730 Perstringis
660 1663 762 1728 aures,
784 1647 847 1709 iam
871 1644 944 1709 litui
968 1648 1124 1729 strepunt,

488 1758 557 1823 Iam
580 1759 687 1844 fulgor
710 1777 871 1822 armorum
890 1759 1019 1842 fugaces

532 1871 641 1936 Terret
663 1891 764 1956 equos
788 1873 998 1956 equitumque
1021 1871 1141 1954 vultus,

221 2046 309 2124 illud,
338 2045 412 2111 licet
433 2048 468 2110 in
489 2046 751 2131 praecedentibus
772 2049 890 2112 iterum
912 2049 1095 2130 iterumque
1118 2045 1334 2131 significatum

223 2162 264 2225 sit
285 2161 519 2246 tragoediarum
551 2159 789 2225 scribendarum
812 2160 953 2226 laborem
976 2180 1033 2245 per
1055 2160 1185 2245 aliquod
1208 2163 1336 2244 tempus

225 2296 243 2339 a
267 2275 410 2341 Pollione
433 2278 645 2361 interruptum
671 2278 721 2359 iri,
742 2281 870 2361 propter
892 2295 1006 2341 versus
1030 2277 1178 2340 21-24:

443 2440 567 2505 Audire
589 2459 722 2525 magnos
745 2441 809 2504 iam
832 2440 941 2505 videor
963 2439 1060 2506 duces

444 2552 518 2617 Non
540 2553 689 2618 indecoro
712 2552 845 2637 pulvere
868 2553 1021 2636 sordidos,

489 2666 531 2731 Et
553 2673 669 2731 cuncta
691 2672 848 2731 terrarum
875 2666 1007 2731 subacta

533 2779 663 2845 Praeter
686 2785 825 2845 atrocem
849 2782 992 2845 animum
1014 2778 1149 2845 Ceionio.

270 2954 333 3019 Sed
355 2955 514 3041 fingamus
538 2977 556 3020 a
579 2955 723 3022 Pollione
746 2960 929 3040 exspectare
949 2955 1121 3020 Horatium
1142 2956 1261 3021 librum
1274 2957 1338 3021 his·

225 3069 359 3132 turicum
385 3068 425 3132 ad
448 3070 694 3134 commovendos
718 3071 840 3134 animos
860 3070 1069 3154 aptissimum,
1088 3071 1122 3133 in
1144 3070 1339 3155 quoproelia

226 3182 374 3267 aciesque
407 3187 496 3247 tanto
530 3182 748 3248 describantur
782 3183 914 3249 artificio
945 3188 982 3248 ut
1012 3182 1124 3249 adesse
1154 3183 1216 3248 sibi
1239 3183 1339 3249 lector

226 3296 373 3361 videatur
395 3301 425 3361 et
443 3298 602 3381 principes
622 3299 683 3361 viri
702 3298 874 3364 identidem
887 3295 964 3362 adua
976 3297 1163 3379 δραματικῶς
1174 3303 1338 3384 tamquam

225 3410 260 3475 in
283 3429 409 3475 scenam
428 3411 682 3495 introducantur,
701 3431 765 3476 nou
784 3412 890 3497 gladio
910 3417 1036 3477 tantum
1057 3413 1219 3478 sedetiam
1232 3413 1339 3479 verbis

225 3527 407 3610 pugnaturi.
443 3525 495 3590 Sic
528 3527 614 3610 prior
647 3531 772 3591 tantum
807 3526 936 3611 stropha
965 3526 1018 3607 (17
1024 3527 1118 3609 -20)
1142 3525 1340 3613 probabitur,

226 3638 325 3704 altera
344 3658 418 3704 vero
438 3640 590 3721 (21-24)
611 3640 752 3704 minime.
763 3637 848 3715 Quid
860 3639 970 3704 enim?
993 3639 1150 3705 Audire
1172 3660 1342 3726 magnos

226 3753 304 3817 iam
328 3753 475 3818 videor
496 3753 630 3818 duces.
656 3750 912 3829 calefacientes
935 3753 1007 3817 illos
1032 3752 1143 3818 audire
1168 3752 1228 3817 sibi
1239 3753 1343 3818 Hora·

227 3865 292 3930 tius
326 3866 476 3930 videtur?
512 3865 705 3951 Orationem,
738 3871 773 3930 ut
804 3867 924 3950 opinor,
954 3866 1107 3931 habentes
1139 3887 1202 3950 qua
1225 3868 1343 3934 milites

210 3963 278 4043 ‘vel
300 3978 515 4064 adhortentur,
539 3980 591 4044 vel
614 3979 754 4062 laudent,
777 3980 829 4044 vel
855 3979 1067 4045 consolentur.
1088 3978 1128 4043 In
1141 3980 1244 4045 medio
1257 3982 1342 4046 enim

227 4097 396 4156 versantur
415 4091 507 4176 bello,
530 4094 648 4178 quippe
671 4094 728 4178 qui
751 4095 817 4158 sint
839 4112 918 4157 non
941 4093 1143 4159 indecoro
1166 4093 1343 4178 pulvere

229 4203 401 4270 sordidi.
437 4203 529 4282 Quod
562 4212 594 4271 et
628 4207 734 4292 ipsum
769 4208 846 4272 satis
881 4206 1018 4273 absurde
1052 4207 1172 4273 dictum
1205 4207 1342 4273 videtur.
