2954 5130
654 509 695 572 95

111 693 292 761 laritatem''
323 695 484 779 quandam
516 699 632 760 nactus
654 699 711 760 est.
734 695 843 778 Atque
866 695 943 758 haec
967 695 1124 759 sententia
1146 694 1233 759 haud

112 809 224 875 leviter
246 808 453 874 confirmatur
475 810 516 874 iis
539 828 622 894 quae
645 808 773 891 Fronto,
796 809 847 872 vir
865 808 1039 873 multarum
1058 808 1234 892 literarum,

113 924 152 988 ad
176 923 320 988 Marcum
344 923 514 988 Aurelium
538 925 665 1008 scripsit
689 924 728 1006 (p.
752 924 794 986 23
818 921 927 1003 Nab.):

246 1084 345 1150 Plane
376 1085 514 1149 multum
538 1085 618 1149 mihi
640 1084 828 1150 facetiarum
851 1084 986 1149 contulit
1008 1085 1080 1149 istic
1104 1083 1233 1149 Oratius

201 1199 334 1264 Flaccus
358 1198 573 1264 memorabilis
592 1203 684 1283 poeta
704 1199 848 1284 mihique
867 1203 995 1284 propter
1015 1197 1231 1264 Maecenatem

203 1332 240 1377 ac
264 1313 517 1377 maecenatianos
541 1313 649 1377 bortos
672 1331 760 1377 meos
784 1331 850 1377 non
874 1307 1008 1379 alienus.
1102 1363 1103 1366 ,

158 1486 232 1552 Non
255 1488 341 1552 enim
364 1487 443 1552 haec
465 1488 535 1552 eius
557 1485 655 1553 verba
677 1491 755 1552 sunt
778 1494 835 1571 qni
858 1487 898 1552 de
921 1489 1049 1552 homine
1067 1489 1132 1551 iam
1152 1488 1233 1553 cele-

114 1599 252 1666 berrimo
285 1600 437 1685 loquitur.
467 1598 550 1664 Nam
582 1600 668 1684 quod
699 1598 851 1665 Hertnius
881 1601 958 1665 hnic
983 1600 1233 1686 disputationum

115 1734 246 1780 suarum
268 1716 351 1798 parti
374 1714 478 1779 addit:
507 1713 578 1796 „Ex
600 1715 640 1779 iis
664 1734 746 1799 quae
764 1715 933 1800 hucusque
952 1717 1189 1801 proposuimus,
1199 1716 1234 1780 id

116 1846 193 1892 sane
223 1827 336 1906 elucet,
365 1827 492 1893 Horatii
514 1830 656 1892 carmina
678 1833 751 1893 ante
773 1833 907 1893 aetatem
930 1827 1144 1893 Neronianam
1167 1848 1233 1892 non

118 1941 262 2027 neglecta
285 1940 384 2024 esse‚'’
407 1941 449 2024 id,
473 1945 510 2006 ut
531 1943 637 2006 virum
660 1942 865 2026 praedoctum
889 1942 1028 2026 decebat,
1051 1947 1144 2008 caute
1164 1944 1234 2028 qui-

116 2055 188 2120 dem
219 2060 258 2120 et·
280 2057 509 2140 circumspecte
531 2054 653 2119 dictum
675 2060 734 2140 est,
757 2055 814 2119 sed
836 2073 877 2120 ne
899 2054 980 2119 illud
1005 2055 1135 2140 quidem
1159 2075 1234 2121 eum

117 2170 309 2254 scripturum
341 2168 441 2234 fnisse
471 2169 585 2252 opinor
611 2169 676 2232 nisi
697 2169 738 2234 iis
762 2187 844 2253 quae
866 2171 935 2253 ipse
957 2170 1152 2254 conquisivit
1174 2170 1236 2234 alia

117 2289 304 2368 argumenta
323 2283 532 2348 accessissent
552 2300 634 2366 quae
656 2282 756 2346 multo
768 2283 955 2347 viderentur
965 2283 1123 2367 graviora.
1136 2281 1236 2348 Credo

118 2398 201 2462 enim
226 2398 389 2482 egregium
414 2399 517 2461 virum
541 2396 653 2461 alienis
677 2396 868 2481 quibusdam
892 2399 1077 2482 praesertim
1103 2397 1236 2462 ductum

120 2529 189 2576 esse
211 2509 502 2577 lucubrationibus.
527 2508 616 2586 Quae
634 2510 708 2575 illae
727 2512 792 2575 sint
810 2511 874 2575 iarn
893 2511 1014 2575 dicam:
1034 2509 1236 2595 Propertium

119 2627 203 2689 enim
238 2629 270 2690 61
305 2624 456 2688 Ovidium
485 2624 643 2709 permulta
675 2624 808 2689 Horatio
839 2624 954 2690 debere
983 2625 1107 2709 ingenti
1129 2624 1237 2690 labore

119 2738 183 2803 duo
212 2740 274 2802 viri
297 2739 381 2803 docti
403 2738 620 2804 demonstrare
643 2740 749 2802 conati
772 2743 848 2804 sunt
872 2745 903 2803 et
925 2736 1094 2803 Hertzium
1119 2737 1238 2803 habent

119 2851 354 2917 assentientem.
383 2851 522 2917 Rectene
552 2872 593 2917 an
627 2871 692 2916 non
724 2854 787 2916 iam
820 2853 1004 2934 videamus3
1037 2853 1076 2917 de
1099 2859 1238 2938 utroque

120 2970 226 3032 autem
250 2971 342 3052 poeta
364 2972 396 3032 61
418 2973 556 3051 utroque
578 2968 647 3031 viro
675 2967 769 3032 docto
792 2986 936 3033 seorsum
962 2967 1138 3058 disputabo.
