2954 5130
694 519 756 583 151

177 700 345 768 Maecenas
378 707 464 768 amat
497 703 645 789 puellam.
682 704 768 790 Ilugo
803 723 909 791 neque
941 704 1075 789 pulchra
1104 704 1235 786 Phryne
1266 709 1298 769 et

176 816 328 901 perfidiae
360 819 553 903 exemplum.
587 816 699 902 Quem,
731 818 870 902 obsecro,
901 821 1005 904 turpis
1028 819 1135 904 puella
1159 838 1176 883 e
1200 819 1297 903 vulgo

177 936 356 996 scortorum
386 937 452 996 tam
476 933 619 997 vinetum
642 932 842 1018 ligatumque
864 939 952 998 tenet
976 938 1013 997 nt
1036 952 1070 998 se
1093 932 1242 1016 colligere
1266 939 1298 997 et

177 1044 273 1110 adse
303 1046 406 1111 redire
431 1065 498 1110 non
520 1049 645 1132 possit?
668 1047 847 1131 ,Horatium
872 1046 985 1112 tenuit’
1010 1048 1065 1112 ais.
1089 1046 1161 1111 Non
1186 1047 1298 1111 credo:

177 1164 291 1242 pectus
324 1158 488 1243 disertum,
518 1166 643 1246 poetam
675 1181 764 1226 amor
793 1162 887 1242 facit3
921 1162 960 1227 de
991 1180 1098 1226 amore
1123 1160 1298 1226 versiculos

177 1274 248 1338 sine
270 1292 369 1338 sensu
391 1273 508 1340 conflet
531 1294 626 1340 nemo
651 1277 714 1340 nisi
736 1278 840 1340 omnis
863 1295 953 1340 amor
974 1274 1084 1360 procul
1104 1274 1201 1339 abest.

222 1385 275 1452 Sic
297 1405 372 1471 ergo
395 1407 535 1452 amorem
558 1408 654 1453 suum
674 1388 829 1454 Horatius
842 1388 1040 1453 describebat
1052 1407 1152 1472 quum
1167 1388 1298 1471 triginta

178 1520 280 1566 anuos
314 1508 410 1567 natus
441 1508 531 1568 esset.
563 1501 730 1581 Quomodo
754 1505 1068 1589 quinquagenarium
1093 1503 1298 1586 descripsisse

178 1615 353 1700 putemus?
383 1615 559 1682 Videamus
590 1617 670 1701 quid
701 1619 843 1681 carmine
866 1616 923 1700 IV,
949 1618 965 1680 1
992 1615 1077 1680 dicat
1099 1622 1131 1679 et
1153 1617 1300 1679 accurate

177 1727 259 1793 illud
282 1730 482 1813 aspiciamus.
502 1729 573 1795 Hoc
592 1732 678 1795 enim
698 1730 732 1795 id
750 1730 817 1795 fere
828 1731 940 1795 aetatis
953 1749 1054 1814 quum
1067 1734 1152 1794 esset
1163 1728 1302 1813 scripsit,

178 1861 280 1928 seque
321 1846 392 1907 tum
428 1844 536 1908 denuo
570 1843 706 1908 Veneris
740 1845 806 1906 vim
842 1847 1010 1927 expertum
1046 1860 1117 1907 esse
1152 1841 1299 1906 declarat.

179 1955 369 2022 Cuiusmodi
403 1975 478 2042 ergo
513 1956 553 2022 ab
588 1977 625 2023 eo
657 1962 880 2042 exspectemus
911 1957 1063 2021 carmen?
1096 1954 1216 2041 Opinor
1240 1956 1301 2020 hoe

178 2069 262 2135 fere:
294 2069 334 2134 de
365 2089 449 2135 novo
472 2089 580 2136 amore
601 2072 727 2135 iocatur
749 2075 780 2136 et
802 2071 850 2135 sla
873 2089 982 2135 secum
1007 2070 1167 2154 loquitur:
1193 2067 1299 2151 ,Olim

177 2182 294 2268 puellis
327 2183 396 2247 rixi
429 2183 574 2248 idoneus.
609 2182 713 2261 Quam
747 2184 883 2269 pulchra
912 2183 968 2246 illa
1000 2188 1087 2248 aetas
1108 2183 1179 2266 fuit,
1203 2203 1300 2267 quam

177 2296 257 2362 felix
290 2298 361 2381 ipse
390 2296 438 2362 fui
468 2297 529 2362 sub
560 2299 694 2382 imperio
718 2295 860 2380 Omeros
881 2294 994 2379 Lycos,
1016 2295 1171 2378 Phryues.
1194 2294 1300 2360 Etiam

179 2430 269 2476 nunc
291 2411 338 2475 nil
360 2412 439 2476 mihi
459 2410 637 2477 iucundius
661 2412 733 2477 visu
754 2415 802 2476 est
821 2431 917 2496 quam
937 2412 1093 2475 iuvenum
1105 2409 1300 2494 puellarum·

179 2545 244 2610 que
267 2526 372 2590 mutui
394 2526 561 2611 tenerique
585 2544 718 2590 amores.
741 2524 824 2589 Nam
847 2525 922 2589 licet
944 2529 1047 2589 aetate
1065 2526 1128 2587 iam
1148 2525 1209 2588 sim
1224 2524 1301 2588 satis

179 2645 360 2724 provectus,
381 2645 488 2704 tamen
512 2639 599 2704 haud
621 2641 751 2724 ineptus
774 2639 852 2702 milri
871 2638 1046 2703 formarum
1067 2637 1180 2702 videor
1191 2636 1302 2702 iudex.

180 2752 285 2831 Quam
307 2752 467 2818 ludicrum
492 2760 576 2818 esset
599 2771 761 2837 quamque
783 2754 928 2816 iocosum
953 2752 980 2816 si
1003 2751 1071 2835 ipse
1091 2752 1197 2815 denuo
1219 2769 1302 2813 nova

179 2867 323 2933 arderem
346 2868 492 2933 flammai
516 2867 578 2933 Sed
600 2866 706 2933 absint
728 2867 883 2952 ineptiae!
909 2866 976 2931 lam
1002 2867 1088 2931 enim
1114 2884 1213 2930 senex
1237 2864 1298 2929 fio:

178 2982 242 3047 fuit
275 2981 356 3047 illud
389 2989 517 3067 tempus
551 2987 584 3047 et
615 2980 819 3066 irreparabile
850 2980 968 3064 effugit.
1000 2979 1121 3044 Verum
1145 2998 1202 3064 per
1224 2980 1302 3044 deos

180 3096 387 3179 immortales,
418 3094 496 3179 quid
527 3095 588 3160 hoe
610 3095 682 3160 est?
706 3093 791 3172 Quid
816 3094 893 3158 mihi
917 3094 994 3158 dum
1014 3094 1130 3177 loquor
1152 3093 1303 3157 lacrimae

181 3209 301 3274 cadunt
323 3214 355 3274 et
376 3229 442 3273 vox
465 3208 631 3274 haeret...
651 3227 677 3273 e.
690 3229 719 3292 q.
731 3207 777 3273 s.''
798 3207 862 3273 Sed
880 3227 947 3271 rem
960 3207 1118 3271 convertit
1129 3205 1301 3269 Horatius:

185 3321 279 3398 Quod
313 3323 399 3387 enim
432 3322 652 3387 tantummodo
682 3323 717 3385 in
748 3321 812 3386 fine
842 3320 1026 3406 ponendum
1059 3324 1126 3385 erat
1148 3320 1243 3382 etiam
1267 3319 1301 3381 in

183 3437 275 3502 initio
298 3439 397 3522 ponit,
420 3438 466 3502 sic
489 3437 570 3501 illud

405 3597 468 3664 Sed
491 3617 557 3682 cur,
579 3597 651 3681 heu,
674 3594 828 3681 Ligurine
853 3615 911 3660 cur
934 3614 960 3660 e.
973 3617 1002 3680 q.
1015 3615 1039 3660 s.

182 3777 285 3842 multo
307 3776 344 3841 fit
366 3775 550 3860 languidius
570 3794 665 3860 quam
686 3772 858 3858 oportebat.
878 3771 971 3836 Adde
983 3770 1070 3856 quod
1082 3772 1178 3856 primi
1189 3789 1303 3837 versus

182 3890 318 3955 ridicule
353 3887 414 3954 sibi
447 3890 531 3954 inter
560 3907 595 3954 se
625 3886 862 3972 obloquuntur:
891 3885 1059 3968 „denuone
1081 3904 1169 3948 arma
1193 3903 1303 3950 moves

182 4003 323 4069 Venus?
345 4006 378 4067 at
400 4021 459 4087 ego
481 4003 545 4067 iam
569 4001 670 4066 durus
695 4020 766 4066 sum
786 4000 851 4065 tuis
870 3999 1030 4083 imperiis:
1049 3997 1189 4062 Paulum
1200 3996 1304 4062 Maxi-

183 4137 274 4183 mum
308 4116 487 4202 aggredere,
517 4116 635 4201 dignus
664 4115 720 4179 ille
750 4119 798 4178 est
828 4132 923 4197 quem
945 4117 1043 4197 petas,
1065 4113 1194 4177 iuvenis
1217 4113 1302 4177 enim

183 4238 231 4299 est
261 4236 302 4316 et,
332 4231 418 4316 qnod
448 4231 595 4315 strophae
624 4227 800 4313 explendae
823 4246 919 4292 eausa
941 4226 1081 4307 additur,
1105 4227 1228 4310 peritus
1252 4232 1299 4292 est
