2954 5130
705 518 770 582 154

178 724 323 771 meorum
349 705 424 770 finis
446 703 613 770 amorum''
637 701 716 770 ratae
738 704 904 778 παθητικῶς
928 705 1088 770 exclamat
1109 707 1223 790 potita3
1248 703 1303 769 sed

179 819 258 905 qnid
288 819 457 904 sequitur?
484 817 558 904 Ipse
582 818 728 884 flammas
750 820 922 903 restinguit
946 838 1026 903 quas
1051 818 1192 883 movisse
1218 817 1303 882 vide

178 938 240 999 tur.
268 931 419 1016 „Disce
441 933 552 998 modos
575 933 749 998 amanda
772 952 850 998 voce
874 932 1093 1018 quaerendas,
1107 933 1303 996 minuuntur

180 1051 268 1112 atrae
299 1047 440 1111 carmine
469 1044 595 1112 curae”.
618 1045 687 1110 Iam
709 1047 761 1111 fac
781 1065 920 1128 carmen,
944 1045 1031 1132 quod
1055 1048 1153 1112 etiam
1179 1045 1303 1110 discen·

180 1161 258 1226 dnm
299 1165 347 1226 est
377 1159 528 1240 Phyllidi,
559 1159 684 1226 efficere
716 1179 810 1245 posse
845 1165 881 1225 ut
913 1160 1043 1245 Telephi
1078 1160 1303 1241 obliviscatnr;

179 1295 257 1340 num
293 1274 389 1340 simul
424 1273 538 1340 efficiet
568 1279 604 1339 nt
635 1279 760 1359 potitam
790 1294 897 1341 amare
926 1275 1083 1360 incipiat?
1116 1274 1171 1338 An
1197 1293 1303 1340 amore

177 1389 259 1454 nihil
296 1407 377 1474 opus
412 1389 485 1454 est?
519 1386 570 1452 Ita
603 1393 714 1473 potitae
744 1388 879 1454 videtur.
911 1386 974 1466 Qui
1005 1408 1080 1474 ergo
1103 1390 1139 1452 in
1163 1390 1303 1456 carmine

180 1504 335 1569 amatorio
369 1507 444 1568 ante
474 1503 582 1567 omnia
613 1502 757 1567 ardorem
790 1502 952 1588 quendam
974 1503 1153 1587 requirnnt
1179 1522 1302 1569 meeum

180 1616 318 1682 liberum
342 1616 430 1682 istud
450 1621 481 1681 et
499 1615 681 1681 Romanum
702 1615 818 1681 Catulli
831 1615 870 1680 ad
882 1615 1052 1702 Ipsitillam
1064 1635 1197 1681 carmen
1209 1617 1303 1702 longe

181 1731 324 1797 hibernis
347 1730 436 1796 hisce
457 1736 654 1816 praeponent
675 1729 857 1816 frigoribus.

226 1844 347 1909 Eodem
377 1850 518 1928 tempore
542 1863 606 1929 quo
629 1843 687 1927 IV,
712 1845 751 1907 ll
777 1845 932 1928 scriptum
956 1843 1130 1909 videtur
1152 1863 1179 1908 c.
1202 1843 1229 1930 Ι,
1255 1844 1303 1929 19,

181 1977 292 2025 revera
325 1957 435 2023 decem
470 1957 535 2023 fere
570 1958 663 2023 annis
698 1962 771 2023 ante
808 1958 962 2043 scriptum
996 1963 1052 2022 est
1084 1955 1170 2022 Nam
1201 1958 1237 2022 in
1266 1977 1301 2023 eo

184 2091 315 2159 quoque
338 2091 373 2138 se

403 2222 518 2289 Finitis
540 2223 684 2288 animum
707 2222 840 2288 reddere
863 2221 1025 2288 amoribus

183 2411 254 2496 cogi
278 2410 355 2475 dicit
378 2414 410 2475 et
432 2409 472 2474 de
490 2414 676 2475 renascente
694 2428 802 2474 amore
821 2409 990 2495 magnifice
1002 2410 1133 2495 quidem
1147 2410 1302 2476 declamat

182 2529 283 2610 poeta,
305 2524 386 2589 nihil
407 2529 514 2590 tamen
537 2524 628 2589 affert
649 2543 714 2608 qno
737 2523 837 2589 lector
858 2527 1052 2590 commoveri
1073 2525 1185 2610 possit

226 2637 398 2703 Horatium
432 2643 539 2703 autem
574 2638 613 2704 de
647 2637 810 2704 amoribus
845 2641 914 2704 suis
946 2644 1129 2704 narrantem
1165 2639 1303 2706 absurda

185 2751 351 2837 quaedam,
384 2753 469 2817 inter
498 2771 534 2818 se
564 2754 726 2836 certantia,
757 2758 788 2818 et
820 2771 896 2819 vero
918 2755 1020 2818 amori
1042 2753 1178 2820 adversa
1199 2753 1303 2820 fronte

183 2866 395 2949 repugnantia
417 2865 522 2930 dicere
545 2865 622 2949 quid
647 2866 823 2931 miremur?
842 2865 917 2951 Ipse
936 2868 1022 2931 enim
1041 2872 1156 2952 sponte
1167 2868 1304 2933 declarat

185 2997 219 3043 se
248 2979 409 3063 integrum
441 2983 472 3043 et
503 2997 610 3044 amore
640 2997 779 3044 vacuum
803 2998 884 3063 esse,
906 2985 939 3045 et
960 2984 1026 3046 tam
1049 2999 1144 3066 saepe
1167 2981 1304 3048 declarat

185 3096 221 3157 ut
244 3110 282 3156 ea
303 3110 338 3156 re
359 3091 425 3158 fere
447 3092 577 3177 gloriari
600 3091 757 3157 rideatur.
781 3091 865 3157 Ecce
888 3093 1082 3178 exemplum.

182 3258 187 3267 .
228 3205 254 3289 Ι,
278 3205 306 3270 6.
333 3205 514 3291 „Agrippa”
538 3207 582 3271 ait
607 3225 677 3288 „res
696 3212 771 3271 tuae
789 3212 874 3271 terra
893 3207 1039 3290 marique
1056 3207 1303 3291 gestaeaVario

185 3319 380 3401 scribentum
416 3339 474 3405 ego
509 3321 537 3385 si
570 3320 693 3405 aliquid
723 3319 881 3385 eiusmodi
912 3324 1066 3386 tentarem
1096 3320 1202 3387 famae
1233 3327 1303 3388 tuac

185 3434 344 3500 obstarem
376 3437 477 3520 magis
509 3454 605 3520 quarn
634 3433 835 3519 prodessem:
861 3438 926 3498 tam
949 3455 1066 3520 magna
1088 3439 1121 3500 et
1142 3437 1304 3520 praeclara

186 3552 373 3634 argumenta
396 3566 455 3633 ego
477 3566 519 3612 ne
540 3553 671 3632 tangere
694 3547 824 3633 quidem
846 3546 958 3631 audeo,

405 3710 473 3777 Nos
496 3711 652 3795 convivia,
676 3731 736 3777 nos
758 3711 880 3797 proelia
903 3713 1068 3798 virginum

407 3825 508 3891 Sectis
530 3827 564 3890 in
587 3827 722 3892 iuvenes
747 3826 912 3911 unguibus
931 3827 1053 3893 acrium

407 3939 580 4005 Cantemus
604 3941 708 4024 vacui,
732 3941 800 4006 sive
824 3940 902 4025 quid
924 3942 1051 4006 urimur

450 4053 524 4118 Non
547 4058 672 4139 praeter
695 4046 824 4119 solitum
849 4053 966 4120 leves.''

230 4230 275 4294 At
306 4248 348 4294 ne
381 4231 410 4294 si
439 4229 560 4295 alienos
591 4229 722 4315 quidem
744 4234 861 4296 tractas
875 4215 1009 4296 'amores
1034 4231 1157 4298 ardoris
1180 4233 1300 4320 aliquid
