2954 5130
709 483 771 547 192

180 686 276 753 quam
307 667 456 753 praedam
486 665 638 731 Romanis
670 666 839 732 tradidisse
863 685 974 731 omnss
996 664 1133 731 Romani
1156 666 1300 734 sciebant

181 787 213 847 at
236 783 342 866 quivis
364 780 529 845 Romanus
552 780 657 846 dicere
679 786 819 865 poterat;
844 800 918 846 sua
942 780 1111 847 tradere
1129 801 1301 847 commune

181 901 230 961 est
253 895 448 960 devictarum
472 895 625 979 gentium.
649 894 723 958 Alio
743 900 851 959 umen
871 894 966 959 modo
986 913 1053 960 rem
1072 896 1302 980 intorpretatur

179 1008 334 1075 Horatius
368 1014 416 1074 ot:
454 1028 538 1090 „non
569 1007 663 1073 ilios''
693 1009 737 1073 ait
771 1026 850 1090 „nos
873 1009 1010 1074 vicimus
1033 1009 1088 1074 sed
1111 1009 1174 1093 ipsi
1196 1008 1236 1073 ab
1260 1010 1300 1074 iis

180 1124 256 1187 victi
299 1142 429 1204 sumns;
472 1141 581 1188 auram
616 1124 701 1187 enim
735 1121 886 1208 praebere
920 1141 998 1187 suae
1033 1123 1206 1206 sapientiae
1240 1141 1300 1187 uos

180 1241 370 1322 ooigsrant3
395 1237 480 1300 illam
506 1238 539 1300 in
562 1235 686 1300 Italiam
707 1236 970 1319 intulerunt,
990 1237 1037 1301 sic
1054 1238 1226 1321 magistros
1246 1255 1300 1301 eos

180 1370 246 1415 uon
280 1370 390 1417 servos
426 1353 511 1417 nacti
541 1351 686 1416 sumus.”
717 1351 810 1416 lilius
843 1357 949 1416 autom
974 1353 1153 1417 ornamenti
1176 1351 1222 1415 nil
1246 1352 1301 1415 ha·

179 1462 233 1530 bet
256 1462 399 1529 Ovidius.

223 1576 305 1643 Item
328 1576 464 1643 Ovidius
487 1597 583 1643 versu
607 1578 690 1658 (Am.
712 1577 772 1661 ΙΠ,
796 1580 825 1662 3,
850 1580 920 1661 35);

315 1740 465 1827 iuppiter
485 1741 555 1825 ipse
577 1759 654 1806 suos
677 1740 767 1807 lucos
789 1741 948 1806 iaculatur
970 1746 1002 1806 et
1024 1759 1113 1806 arces

181 1916 339 2000 respicere
362 1916 391 1982 ei
413 1915 541 1981 videtur
563 1915 775 1981 Horatianum
803 1916 838 2000 (Ι,
862 1917 892 2000 2,
915 1917 963 1997 2):

312 2078 407 2145 Pater
429 2078 564 2145 rubente
584 2079 589 2163 i
610 2078 741 2145 dextera
765 2099 872 2144 sacras
893 2079 1053 2143 iaculatus
1078 2069 1177 2143 arces.

223 2254 332 2321 Utitur
349 2260 457 2322 autem
466 2254 637 2320 uocabulis
650 2254 865 2320 Germanicis:
882 2254 1061 2337 „bewusste
1072 2252 1298 2339 Auspielung''

178 2368 347 2454 additque:

315 2534 400 2617 „Dor
422 2535 595 2600 Ausdruck
618 2536 652 2598 in
676 2535 733 2598 der
755 2534 864 2600 Weiss
886 2535 1016 2618 ringens
1039 2552 1080 2596 zu
1104 2530 1270 2618 belegen.''

222 2708 344 2775 Verum
377 2716 425 2776 ost
448 2715 622 2794 utrumque
643 2715 768 2794 potitam
791 2711 843 2774 hio
866 2709 1031 2775 vocabulis
1055 2709 1244 2774 iaculari
1268 2716 1301 2775 et

179 2842 296 2890 arces
320 2826 375 2907 uti,
399 2825 455 2889 sod
477 2825 538 2888 hoo
560 2825 692 2910 vulgare
715 2830 763 2890 est
783 2824 986 2909 vocabulum,
1002 2824 1084 2889 illud
1099 2824 1143 2889 -de
1161 2822 1301 2918 ¹fulmina

179 2937 310 3002 minime
340 2938 538 3002 inusitatum.
570 2937 632 3003 Sed
663 2939 796 3004 aliaest
819 2939 976 3004 sententia
1001 2956 1112 3002 versus
1137 2935 1299 3021 Ouidiani,

178 3052 240 3116 alia
269 3050 446 3118 Horatiani.
476 3050 630 3117 Horatius
653 3053 738 3116 onim
762 3071 850 3117 arces
872 3051 1008 3117 fulmine
1030 3070 1198 3136 percussas
1222 3053 1300 3115 sim-

178 3164 301 3250 pliciter
334 3171 568 3249 commemorat,
602 3163 738 3230 Ovidius
771 3166 809 3230 do
839 3185 876 3232 ea
906 3185 941 3231 re
963 3166 1007 3229 ita
1029 3166 1237 3229 ratiocinatur
1261 3169 1300 3229 ut

177 3279 224 3343 iili
259 3279 362 3345 solent
398 3281 453 3365 qui
484 3280 523 3346 de
552 3280 706 3365 religione
738 3280 833 3365 paulo
856 3279 990 3346 liberius
1013 3280 1164 3344 sentiunt
1190 3277 1297 3354 Quam

178 3411 280 3478 saepo,
314 3399 351 3458 ut
386 3414 488 3459 unum
519 3412 629 3460 eorum
661 3399 773 3459 testem
806 3395 909 3476 citam,
931 3392 1094 3458 Lucianus
1118 3411 1218 3477 quum
1243 3388 1299 3463 rio

177 3509 233 3571 τῶν
257 3508 322 3572 θεῶν
347 3505 477 3588 πρόνοιαν
499 3507 637 3572 ludibrio
660 3508 756 3573 habet
778 3509 839 3572 hoo
862 3514 1050 3592 argumento
1074 3508 1184 3589 utitur,
1208 3507 1298 3590 quod

179 3620 262 3705 apud
299 3623 544 3708 Aristophanem
579 3624 719 3689 invenit:
758 3622 942 3708 „Sapientes
976 3625 1031 3688 isti
1066 3621 1116 3687 dei
1147 3640 1205 3686 sua
1232 3623 1297 3705 ipsi

178 3732 354 3799 incendunt
391 3733 539 3820 templa.”
574 3734 601 3798 Ε
635 3734 783 3800 Lucretio
820 3737 977 3800 eiusmodi
1010 3734 1132 3821 aliquid
1166 3753 1296 3799 sumere

178 3847 280 3930 potuit
303 3845 447 3931 Ovidius,
472 3868 535 3913 non
559 3868 577 3915 e
599 3855 709 3915 nostro
733 3850 802 3914 loco
825 3849 1010 3915 Horatiano.

221 3957 346 4045 Ingenti
379 3960 452 4028 dein
483 3964 702 4048 exemplorum
734 3965 824 4048 copia
856 3965 1085 4030 demonstravit
1107 3963 1297 4048 Zingerleus

178 4071 362 4157 saepissime
396 4073 547 4140 Ovidium
581 4076 817 4161 Horatiumque
851 4077 961 4144 eadem
996 4080 1031 4142 in
1062 4079 1153 4142 initio
1183 4077 1235 4141 vel
1258 4078 1294 4141 in

176 4182 240 4251 flua
270 4202 421 4252 versuum
452 4190 600 4274 posuisse
622 4189 794 4272 voeabula;
818 4192 859 4256 ad
882 4211 965 4276 quae
988 4192 1165 4277 colligenda
1188 4210 1293 4275 quum
