2954 5130
706 483 768 544 128

219 666 316 731 Nunc
340 687 435 732 suum
460 668 528 752 ipse
552 668 695 752 agnoscit
718 686 866 751 errorem,
892 687 979 731 nunc
1002 687 1036 732 se
1059 667 1164 732 fallaci
1190 669 1294 753 specie

178 781 344 864 deceptum
385 783 456 846 iure
496 800 614 865 poenas
656 781 731 846 dare
764 781 888 846 fatetur.
925 779 1080 846 Precatur
1114 801 1191 866 ergo
1227 781 1294 866 (IV,

178 895 392 978 24,1asq.):

310 1056 401 1122 Mens
425 1057 517 1141 bona,
541 1058 634 1141 siqua
651 1057 752 1140 dea’s,
775 1063 831 1122 111
854 1076 905 1121 me
928 1058 962 1120 in
987 1058 1123 1122 sacraria
1148 1056 1243 1140 duno,

353 1170 552 1235 Exciderunt
575 1171 673 1235 surdo
697 1176 743 1236 tot
767 1190 837 1236 mea
859 1176 934 1235 vota
956 1171 1035 1235 Iovi.

220 1332 317 1397 Nunc
340 1352 375 1398 se
394 1334 493 1398 nullis
513 1333 575 1397 iam
595 1331 750 1416 Cynthiae
768 1353 862 1418 posse
873 1333 990 1398 molliri
1002 1333 1143 1398 lacrimis
1156 1333 1295 1398 declarat

177 1441 245 1529 (IV,
269 1446 341 1529 25):

309 1607 364 1672 Nil
387 1627 516 1673 moveor
537 1608 692 1673 lacrimis:
716 1609 777 1674 ista
800 1629 872 1674 sum
897 1613 1009 1694 captus
1032 1608 1071 1673 ab
1094 1615 1171 1694 arte,

355 1721 486 1807 Semper
507 1722 547 1787 ab
569 1723 703 1805 insidiis,
727 1721 872 1807 Cynthia,
894 1722 970 1788 flere
993 1723 1084 1789 soles.

222 1883 318 1950 Nunc
352 1886 414 1969 ipsi
447 1885 630 1950 tristissima
664 1905 810 1970 quaeque
839 1888 1039 1971 imprecatur.
1070 1887 1133 1952 Hic
1165 1903 1293 1972 quoque

178 2000 357 2064 communis
397 2000 587 2064 ereticorum
621 1999 712 2064 locus
747 2000 809 2063 dici
843 2004 962 2084 potest:
998 2001 1171 2066 identidem
1208 2002 1291 2066 enim

177 2132 288 2178 omnes
321 2118 530 2179 exsecrantur
560 2113 681 2197 puellas
711 2113 816 2198 duras,
849 2114 994 2198 perfidas,
1027 2115 1214 2195 mendaces3
1238 2114 1292 2179 sed

179 2226 288 2292 confer
320 2227 398 2290 mihi
427 2226 552 2291 Horatii
582 2246 623 2292 ex
647 2227 707 2291 hoc
729 2246 846 2312 genere
869 2228 986 2312 epodus
1009 2248 1083 2293 cum
1108 2229 1195 2293 hisce
1219 2228 1293 2293 Pru-

179 2340 272 2424 pertii
295 2339 442 2405 versibus
465 2339 534 2424 (IV,
560 2341 612 2423 25,
639 2341 676 2403 11
702 2343 799 2425 sqq.):

311 2479 355 2543 At
378 2485 409 2544 te
431 2480 541 2544 celatis
564 2484 650 2544 aetas
672 2481 779 2564 gravis
803 2485 914 2563 urgeat
936 2481 1038 2562 11111,

355 2592 397 2656 Et
419 2594 527 2656 veniat
548 2591 668 2657 formae
690 2612 770 2676 ruga
793 2593 920 2657 sinistra
943 2597 1028 2657 tuae.

310 2704 436 2770 Vellere
458 2710 528 2770 tum
552 2707 663 2790 cupias
686 2705 775 2770 albos
798 2726 816 2769 a
839 2708 937 2790 stirpe
960 2707 1099 2791 capillos,

354 2819 394 2901 A,
417 2818 546 2903 speculo
568 2838 666 2903 rugas
689 2819 901 2904 increpitante
923 2819 991 2903 tibi,

310 2931 450 2997 Exclusa
471 2934 571 3017 inque
595 2934 695 2998 vicem
718 2933 819 2998 fastus
842 2935 962 3017 patiare
986 2935 1149 3019 superbos,

354 3046 396 3111 ut
419 3066 501 3131 quae
522 3047 627 3113 fecisti
648 3047 731 3112 facta
754 3051 897 3133 queraris
921 3069 1012 3133 anus,

180 3211 258 3295 quid
281 3212 323 3276 sit
346 3229 420 3275 vere
442 3211 560 3275 iratum
584 3230 663 3294 esse,
686 3212 764 3296 quid
786 3213 866 3276 iram
891 3213 1043 3277 simulare
1066 3216 1194 3279 senties.

641 3474 834 3485 ———

223 3718 292 3783 Iam
315 3719 382 3784 odit
403 3718 491 3782 illam
515 3738 611 3802 quam
633 3737 690 3802 per
713 3718 857 3802 quinque
877 3737 978 3782 annos
1001 3717 1155 3783 fidissimo
1180 3719 1288 3784 arden·

178 3834 366 3917 tissimoque
392 3850 499 3896 amore
521 3837 569 3896 est
592 3837 789 3915 prosecutus,
813 3830 913 3895 multo
938 3836 1043 3904 tamen
1067 3832 1288 3898 vehementius

180 3948 353 4012 detestatur
386 3947 531 4010 omnium
563 3944 719 4009 malorum
742 3965 881 4028 causam,
904 3944 1025 4026 lenam;
1053 3945 1200 4010 inillam
1224 3966 1289 4011 car-

179 4079 252 4125 men
273 4058 314 4136 V,
338 4060 356 4122 5
381 4057 507 4138 scribit3
533 4058 748 4142 quodcunque
771 4058 945 4142 excogitari
966 4063 1069 4142 potest
1088 4059 1291 4125 maledictum

179 4176 213 4238 in
238 4193 307 4239 eam
331 4174 465 4253 evomit3
490 4172 546 4237 sed
571 4173 718 4257 quamvis
742 4173 784 4237 sit
806 4172 906 4258 elegia
928 4172 1166 4259 contumeliosa,
1187 4178 1293 4239 tamen
