2954 5130
700 501 761 564 197

173 689 249 754 boni
281 687 376 753 habet
408 707 474 752 nou
508 709 528 753 a
560 691 675 752 natura
708 689 830 772 accepit
864 687 917 752 sed
951 687 1069 751 sensim
1102 690 1134 750 et
1156 684 1285 750 assiduo

172 802 279 868 labore
301 807 349 867 est
372 806 555 867 assecutus:
577 801 758 866 cuiusmodi
776 801 831 864 ille
850 799 940 864 labor
950 799 1047 865 fuerit
1057 818 1159 885 rogas.
1171 797 1284 863 Dicam

174 938 270 1003 quam
293 917 538 981 accuratissime.

218 1031 363 1095 Primum
396 1048 470 1114 ergo
501 1028 654 1093 Horatius
684 1029 732 1091 vir
752 1027 814 1092 fuit
837 1026 1009 1092 multarum
1033 1027 1206 1108 literarum,
1230 1026 1285 1111 qui
1382 1077 1383 1080 η

173 1151 310 1210 mentem
349 1144 506 1209 excoleret
540 1148 670 1207 strenua
703 1146 867 1226 petrarum
904 1139 1097 1205 Graecorum
1133 1140 1285 1222 lectione;

173 1279 278 1343 neque
307 1264 412 1322 tamen
436 1257 593 1340 indigesta
614 1260 797 1340 poematum
821 1254 903 1318 mole
927 1274 961 1320 se
984 1253 1076 1318 obrui
1099 1253 1286 1338 patiebatur,

172 1373 228 1437 sed
263 1373 424 1456 neglectis,
460 1390 542 1455 quos
576 1370 712 1434 deterior
741 1373 827 1433 aetas
859 1370 941 1452 tulit,
972 1368 1136 1434 Graeculis
1160 1367 1285 1432 Atticos

171 1491 289 1573 poetas,
324 1486 379 1550 sed
409 1485 593 1569 praesertim
611 1480 791 1547 'Homerum
815 1488 847 1547 et
869 1487 1013 1548 vetustos
1036 1482 1153 1564 lyricos
1176 1501 1285 1567 perpe·

170 1607 244 1666 tuos
267 1599 402 1664 habebat
425 1600 563 1664 comites.
587 1597 663 1662 Illos
683 1595 906 1680 admirabatur,
925 1597 990 1661 11113
1003 1599 1163 1682 magistris
1176 1596 1285 1666 uteba-

171 1720 240 1796 tur,
266 1718 363 1798 atque
385 1712 424 1779 ab
447 1712 586 1778 Homero
610 1713 739 1797 quidem
759 1716 921 1796 tamquam
942 1712 1170 1796 supellectilem
1189 1713 1287 1797 po'eli·

172 1849 241 1893 cam
263 1830 426 1912 ingentem
454 1829 592 1912 sumpsit
615 1825 844 1891 vocabulorum
866 1826 1130 1910 locutionumque
1153 1804 1286 1911 copiam,

173 1961 256 2027 quae
276 1941 374 2005 latine
396 1940 518 2005 reddita
542 1938 692 2005 versibus
711 1939 890 2004 includeret
915 1939 1041 2021 lyricis3
1061 1924 1180 2021 lyricos
1199 1940 1285 2005 enim

173 2055 366 2120 Graecorum
400 2056 464 2118 iam
499 2054 683 2119 adolescens
715 2055 833 2117 imitari
863 2052 1019 2118 studebat.
1053 2051 1180 2117 lambos
1210 2072 1285 2138 ergo

173 2169 382 2253 strophasque
405 2173 436 2232 et
457 2169 526 2252 ipse
547 2167 650 2232 facere
671 2166 853 2246 conabatur,
872 2186 938 2230 non
959 2166 1045 2251 quod
1064 2166 1177 2231 iisdem
1189 2166 1286 2232 rebus

175 2283 292 2367 quibus
333 2283 481 2366 Alcaeus,
519 2281 654 2366 Sappho,
686 2281 898 2346 Archilochus
934 2285 1196 2364 commoveretur,
1231 2280 1288 2345 sed

175 2399 250 2482 quia
272 2397 400 2461 illorum
422 2415 574 2460 numeros
597 2393 733 2467 ἐναύλους
756 2394 898 2460 habebat.
922 2393 994 2471 Quo
1017 2400 1123 2460 autem
1143 2393 1289 2460 laborant

174 2513 251 2576 vitio
286 2530 396 2576 omnes
432 2512 488 2595 qui
522 2512 696 2594 imitantur,
726 2510 781 2575 illo
814 2529 919 2594 neque
948 2509 1103 2575 Horatius
1132 2511 1287 2576 immunis

172 2644 242 2690 esse
275 2627 395 2709 potuit;
431 2625 532 2688 multa
566 2626 651 2689 enim
683 2625 767 2708 apud
799 2644 873 2688 eum
897 2626 1099 2708 reperiuntur
1123 2629 1286 2708 tamquam
1394 2681 1397 2685 .

148 2738 410 2823 ‚complementa
437 2757 654 2821 numerorum,
685 2738 786 2802 multa
815 2739 931 2821 inania,
962 2737 1062 2801 multa
1086 2756 1176 2822 quae,
1202 2738 1289 2822 quod

174 2852 213 2916 ad
237 2851 425 2916 sententiam
449 2853 570 2934 attinet,
592 2870 665 2915 cum
691 2853 803 2916 ceteris
824 2851 1002 2915 carminum
1023 2850 1166 2935 partibus
1180 2851 1288 2935 aliquo

174 2965 268 3030 modo
303 2970 432 3030 certant.
464 2964 519 3029 Nil
549 2970 653 3030 tamen
686 2966 738 3029 hic
767 2964 921 3031 habemus
945 2984 1004 3030 cur
1025 2966 1164 3050 graviter
1185 2964 1288 3030 Hora·

173 3081 255 3145 tium
277 3079 563 3164 reprehendamus:
585 3078 810 3144 difficillimum
823 3080 907 3143 enim
920 3083 968 3143 est
979 3078 1040 3143 hoc
1052 3060 1152 3143 vitare
1164 3079 1288 3160 vitium,

175 3194 261 3278 quod
292 3213 356 3257 non
388 3191 427 3256 ab
457 3193 521 3258 illis
552 3192 627 3257 solis
651 3194 708 3276 qui
731 3193 810 3257 alios
831 3193 998 3257 imitantur
1020 3193 1176 3256 committi
1200 3191 1289 3275 solet,

175 3307 230 3372 sed
265 3308 359 3370 etiam
393 3305 432 3370 ab
463 3307 503 3370 iis
537 3307 593 3390 qui
624 3325 665 3370 ex
697 3306 760 3370 alio
791 3324 936 3370 sermone
966 3306 1000 3368 in
1023 3306 1161 3389 patrium
1185 3304 1289 3371 aliena

175 3422 315 3485 carmina
348 3424 485 3484 vertunt.
520 3417 611 3483 Dabo
645 3410 858 3484 luculentum
880 3420 1147 3502 notissimumque
1181 3438 1288 3484 exem-

173 3533 279 3618 plum:
305 3532 459 3616 Catullus,
479 3534 572 3598 cuius
590 3535 745 3618 potticam
766 3533 947 3598 facultatem
959 3532 1156 3598 admiramur
1168 3552 1289 3618 omnes,

175 3648 252 3712 dum
275 3648 468 3732 Sapphicum
492 3647 574 3712 illud

438 3867 580 3951 declama!
601 3893 649 3948 μοι
673 3876 756 3944 advoc
778 3866 837 3941 loco
861 3867 959 3934 llam

439 3980 535 4062 ἔμμεν
556 3981 626 4064 drap

175 4223 297 4285 vertere
321 4220 392 4285 vult
414 4222 461 4286 sic
484 4222 623 4286 orditur:
