<?xml version="1.0" encoding="UTF-8"?>
<!DOCTYPE html PUBLIC "-//W3C//DTD XHTML 1.0 Transitional//EN"
    "http://www.w3.org/TR/xhtml1/DTD/xhtml1-transitional.dtd">
<html xmlns="http://www.w3.org/1999/xhtml" xml:lang="en" lang="en">
 <head>
  <title>
</title>
<meta http-equiv="Content-Type" content="text/html;charset=utf-8" />
  <meta name='ocr-system' content='tesseract 3.04.00' />
  <meta name='ocr-capabilities' content='ocr_page ocr_carea ocr_par ocr_line ocrx_word'/>
</head>
<body>
  <div class='ocr_page' id='page_1' title='image "./dehoratiopota00hartgoog_0159.png"; bbox 0 0 2954 5130; ppageno 0'>
   <div class='ocr_carea' id='block_1_1' title="bbox 507 1484 955 1564">
    <p class='ocr_par' dir='ltr' id='par_1_1' title="bbox 507 1484 955 1564">
     <span class='ocr_line' id='line_1_1' title="bbox 507 1484 955 1564; baseline -0.009 -1"><span class='ocrx_word' id='word_1_1' title='bbox 507 1487 673 1564; x_wconf 80' lang='lat' dir='ltr'>CAPUT</span> <span class='ocrx_word' id='word_1_2' title='bbox 700 1484 955 1562; x_wconf 77' lang='lat' dir='ltr'><strong>OOTAVUM.</strong></span> 
     </span>
    </p>
   </div>
   <div class='ocr_carea' id='block_1_2' title="bbox 176 2025 1306 4053">
    <p class='ocr_par' dir='ltr' id='par_1_2' title="bbox 176 2025 1306 4053">
     <span class='ocr_line' id='line_1_2' title="bbox 219 2025 1293 2116; baseline -0.004 -20"><span class='ocrx_word' id='word_1_3' title='bbox 219 2031 345 2096; x_wconf 80' lang='lat' dir='ltr'><strong>Horatii</strong></span> <span class='ocrx_word' id='word_1_4' title='bbox 388 2049 471 2116; x_wconf 90' lang='lat' dir='ltr'>quae</span> <span class='ocrx_word' id='word_1_5' title='bbox 513 2031 554 2095; x_wconf 89' lang='lat' dir='ltr'>sit</span> <span class='ocrx_word' id='word_1_6' title='bbox 590 2031 695 2115; x_wconf 74' lang='lat' dir='ltr'>poesis</span> <span class='ocrx_word' id='word_1_7' title='bbox 729 2031 846 2094; x_wconf 89' lang='lat' dir='ltr'>erotica</span> <span class='ocrx_word' id='word_1_8' title='bbox 879 2027 1063 2094; x_wconf 86' lang='lat' dir='ltr'>videamus:</span> <span class='ocrx_word' id='word_1_9' title='bbox 1099 2028 1172 2112; x_wconf 89' lang='lat' dir='ltr'>ipse</span> <span class='ocrx_word' id='word_1_10' title='bbox 1202 2025 1293 2092; x_wconf 90' lang='lat' dir='ltr'>nobis</span> 
     </span>
     <span class='ocr_line' id='line_1_3' title="bbox 176 2140 1295 2229; baseline -0.004 -20"><span class='ocrx_word' id='word_1_11' title='bbox 176 2164 243 2210; x_wconf 90' lang='lat' dir='ltr'>rem</span> <span class='ocrx_word' id='word_1_12' title='bbox 278 2145 372 2229; x_wconf 91' lang='lat' dir='ltr'>plane</span> <span class='ocrx_word' id='word_1_13' title='bbox 406 2141 586 2227; x_wconf 81' lang='lat' dir='ltr'>explicabit.</span> <span class='ocrx_word' id='word_1_14' title='bbox 624 2141 749 2224; x_wconf 85' lang='lat' dir='ltr'>„Petti”</span> <span class='ocrx_word' id='word_1_15' title='bbox 785 2143 830 2206; x_wconf 90' lang='lat' dir='ltr'>ait</span> <span class='ocrx_word' id='word_1_16' title='bbox 863 2141 973 2226; x_wconf 81' lang='lat' dir='ltr'>(Epod.</span> <span class='ocrx_word' id='word_1_17' title='bbox 1010 2140 1065 2222; x_wconf 85' lang='lat' dir='ltr'>ll)</span> <span class='ocrx_word' id='word_1_18' title='bbox 1101 2145 1187 2222; x_wconf 83' lang='lat' dir='ltr'>„tres</span> <span class='ocrx_word' id='word_1_19' title='bbox 1222 2141 1295 2204; x_wconf 92' lang='lat' dir='ltr'>anni</span> 
     </span>
     <span class='ocr_line' id='line_1_4' title="bbox 177 2253 1294 2341; baseline -0.005 -18"><span class='ocrx_word' id='word_1_20' title='bbox 177 2259 372 2323; x_wconf 87' lang='lat' dir='ltr'>transierunt</span> <span class='ocrx_word' id='word_1_21' title='bbox 415 2276 457 2321; x_wconf 79' lang='lat' dir='ltr'>ex</span> <span class='ocrx_word' id='word_1_22' title='bbox 499 2275 563 2341; x_wconf 90' lang='lat' dir='ltr'>quo</span> <span class='ocrx_word' id='word_1_23' title='bbox 597 2255 759 2320; x_wconf 83' lang='lat' dir='ltr'>Inachiam</span> <span class='ocrx_word' id='word_1_24' title='bbox 795 2254 994 2340; x_wconf 88' lang='lat' dir='ltr'>deperibam;</span> <span class='ocrx_word' id='word_1_25' title='bbox 1030 2272 1104 2319; x_wconf 90' lang='lat' dir='ltr'>ecce</span> <span class='ocrx_word' id='word_1_26' title='bbox 1139 2256 1256 2320; x_wconf 90' lang='lat' dir='ltr'>iterum</span> <span class='ocrx_word' id='word_1_27' title='bbox 1267 2253 1294 2317; x_wconf 88' lang='lat'>!&#39;’</span> 
     </span>
     <span class='ocr_line' id='line_1_5' title="bbox 178 2366 1296 2453; baseline -0.004 -17"><span class='ocrx_word' id='word_1_28' title='bbox 178 2372 222 2436; x_wconf 84' lang='lat' dir='ltr'>At</span> <span class='ocrx_word' id='word_1_29' title='bbox 260 2372 338 2436; x_wconf 92' lang='lat' dir='ltr'>mihi</span> <span class='ocrx_word' id='word_1_30' title='bbox 371 2372 565 2435; x_wconf 89' lang='lat' dir='ltr'>immensum</span> <span class='ocrx_word' id='word_1_31' title='bbox 602 2369 683 2434; x_wconf 92' lang='lat' dir='ltr'>illud</span> <span class='ocrx_word' id='word_1_32' title='bbox 720 2368 848 2434; x_wconf 88' lang='lat' dir='ltr'>videtur</span> <span class='ocrx_word' id='word_1_33' title='bbox 878 2370 1025 2453; x_wconf 87' lang='lat' dir='ltr'>spatium.</span> <span class='ocrx_word' id='word_1_34' title='bbox 1066 2366 1151 2446; x_wconf 83' lang='lat' dir='ltr'>Quid</span> <span class='ocrx_word' id='word_1_35' title='bbox 1187 2368 1296 2433; x_wconf 84' lang='lat' dir='ltr'>enim?</span> 
     </span>
     <span class='ocr_line' id='line_1_6' title="bbox 178 2481 1297 2568; baseline -0.004 -17"><span class='ocrx_word' id='word_1_36' title='bbox 178 2486 255 2551; x_wconf 77' lang='lat' dir='ltr'>&#39;lbos</span> <span class='ocrx_word' id='word_1_37' title='bbox 285 2485 332 2549; x_wconf 93' lang='lat' dir='ltr'>illi</span> <span class='ocrx_word' id='word_1_38' title='bbox 362 2485 439 2549; x_wconf 88' lang='lat' dir='ltr'>anni</span> <span class='ocrx_word' id='word_1_39' title='bbox 464 2489 528 2548; x_wconf 90' lang='lat' dir='ltr'>tam</span> <span class='ocrx_word' id='word_1_40' title='bbox 552 2483 676 2568; x_wconf 91' lang='lat' dir='ltr'>placide</span> <span class='ocrx_word' id='word_1_41' title='bbox 699 2482 896 2548; x_wconf 85' lang='lat' dir='ltr'>effluxerunt</span> <span class='ocrx_word' id='word_1_42' title='bbox 917 2489 955 2547; x_wconf 89' lang='lat' dir='ltr'>ut</span> <span class='ocrx_word' id='word_1_43' title='bbox 978 2483 1099 2547; x_wconf 90' lang='lat' dir='ltr'>interea</span> <span class='ocrx_word' id='word_1_44' title='bbox 1121 2481 1297 2547; x_wconf 82' lang='lat' dir='ltr'>versiculos</span> 
     </span>
     <span class='ocr_line' id='line_1_7' title="bbox 179 2594 1298 2683; baseline -0.002 -21"><span class='ocrx_word' id='word_1_45' title='bbox 179 2598 282 2664; x_wconf 83' lang='lat' dir='ltr'>facero</span> <span class='ocrx_word' id='word_1_46' title='bbox 314 2602 420 2683; x_wconf 90' lang='lat' dir='ltr'>posset</span> <span class='ocrx_word' id='word_1_47' title='bbox 455 2598 541 2682; x_wconf 90' lang='lat' dir='ltr'>quod</span> <span class='ocrx_word' id='word_1_48' title='bbox 576 2616 664 2662; x_wconf 90' lang='lat' dir='ltr'>nunc</span> <span class='ocrx_word' id='word_1_49' title='bbox 699 2616 764 2662; x_wconf 93' lang='lat' dir='ltr'>non</span> <span class='ocrx_word' id='word_1_50' title='bbox 799 2601 910 2681; x_wconf 87' lang='lat' dir='ltr'>potest.</span> <span class='ocrx_word' id='word_1_51' title='bbox 942 2594 1035 2673; x_wconf 77' lang='lat' dir='ltr'>Quod</span> <span class='ocrx_word' id='word_1_52' title='bbox 1065 2615 1170 2681; x_wconf 83' lang='lat' dir='ltr'>genus</span> <span class='ocrx_word' id='word_1_53' title='bbox 1202 2597 1298 2661; x_wconf 87' lang='lat' dir='ltr'>versi·</span> 
     </span>
     <span class='ocr_line' id='line_1_8' title="bbox 181 2709 1298 2796; baseline -0.002 -19"><span class='ocrx_word' id='word_1_54' title='bbox 181 2712 351 2777; x_wconf 80' lang='lat' dir='ltr'>culorum?</span> <span class='ocrx_word' id='word_1_55' title='bbox 381 2731 483 2796; x_wconf 82' lang='lat' dir='ltr'>rogas.</span> <span class='ocrx_word' id='word_1_56' title='bbox 514 2709 651 2777; x_wconf 89' lang='lat' dir='ltr'>Difficile</span> <span class='ocrx_word' id='word_1_57' title='bbox 682 2711 786 2777; x_wconf 85' lang='lat' dir='ltr'>dic-tu:</span> <span class='ocrx_word' id='word_1_58' title='bbox 818 2710 991 2775; x_wconf 87' lang='lat' dir='ltr'>admodum</span> <span class='ocrx_word' id='word_1_59' title='bbox 1021 2711 1105 2776; x_wconf 92' lang='lat' dir='ltr'>enim</span> <span class='ocrx_word' id='word_1_60' title='bbox 1137 2709 1298 2795; x_wconf 80' lang='lat' dir='ltr'>probabile</span> 
     </span>
     <span class='ocr_line' id='line_1_9' title="bbox 183 2823 1299 2910; baseline -0.003 -19"><span class='ocrx_word' id='word_1_61' title='bbox 183 2832 230 2891; x_wconf 98' lang='grc' dir='ltr'>θεῖ</span> <span class='ocrx_word' id='word_1_62' title='bbox 263 2826 380 2891; x_wconf 88' lang='lat' dir='ltr'>multos</span> <span class='ocrx_word' id='word_1_63' title='bbox 414 2826 572 2890; x_wconf 87' lang='lat' dir='ltr'>interiisse</span> <span class='ocrx_word' id='word_1_64' title='bbox 610 2823 825 2907; x_wconf 84' lang='lat' dir='ltr'>„versiculos”</span> <span class='ocrx_word' id='word_1_65' title='bbox 856 2844 938 2910; x_wconf 86' lang='lat' dir='ltr'>quos</span> <span class='ocrx_word' id='word_1_66' title='bbox 971 2823 1147 2889; x_wconf 78' lang='lat' dir='ltr'>identidem</span> <span class='ocrx_word' id='word_1_67' title='bbox 1178 2824 1299 2890; x_wconf 87' lang='lat' dir='ltr'>adoles·</span> 
     </span>
     <span class='ocr_line' id='line_1_10' title="bbox 182 2938 1300 3024; baseline -0.001 -19"><span class='ocrx_word' id='word_1_68' title='bbox 182 2959 258 3005; x_wconf 88' lang='lat' dir='ltr'>oens</span> <span class='ocrx_word' id='word_1_69' title='bbox 288 2938 444 3005; x_wconf 87' lang='lat' dir='ltr'>Horatius</span> <span class='ocrx_word' id='word_1_70' title='bbox 468 2942 507 3004; x_wconf 92' lang='lat' dir='ltr'>ad</span> <span class='ocrx_word' id='word_1_71' title='bbox 531 2940 649 3004; x_wconf 88' lang='lat' dir='ltr'>amicos</span> <span class='ocrx_word' id='word_1_72' title='bbox 672 2938 824 3004; x_wconf 88' lang='lat' dir='ltr'>mittebat.</span> <span class='ocrx_word' id='word_1_73' title='bbox 848 2938 910 3004; x_wconf 87' lang='lat' dir='ltr'>Sed</span> <span class='ocrx_word' id='word_1_74' title='bbox 933 2938 993 3003; x_wconf 93' lang='lat' dir='ltr'>hoc</span> <span class='ocrx_word' id='word_1_75' title='bbox 1015 2939 1079 3003; x_wconf 92' lang='lat' dir='ltr'>iam</span> <span class='ocrx_word' id='word_1_76' title='bbox 1103 2943 1230 3004; x_wconf 88' lang='lat' dir='ltr'>constat</span> <span class='ocrx_word' id='word_1_77' title='bbox 1247 2957 1300 3024; x_wconf 85' lang='lat' dir='ltr'>per</span> 
     </span>
     <span class='ocr_line' id='line_1_11' title="bbox 184 3052 1300 3138; baseline -0.001 -19"><span class='ocrx_word' id='word_1_78' title='bbox 184 3060 248 3120; x_wconf 88' lang='lat' dir='ltr'>tres</span> <span class='ocrx_word' id='word_1_79' title='bbox 281 3055 354 3120; x_wconf 88' lang='lat' dir='ltr'>illos</span> <span class='ocrx_word' id='word_1_80' title='bbox 389 3074 490 3119; x_wconf 88' lang='lat' dir='ltr'>annos</span> <span class='ocrx_word' id='word_1_81' title='bbox 525 3072 590 3118; x_wconf 92' lang='lat' dir='ltr'>non</span> <span class='ocrx_word' id='word_1_82' title='bbox 626 3059 810 3138; x_wconf 83' lang='lat' dir='ltr'>occupatam</span> <span class='ocrx_word' id='word_1_83' title='bbox 843 3055 913 3118; x_wconf 88' lang='lat' dir='ltr'>eius</span> <span class='ocrx_word' id='word_1_84' title='bbox 945 3057 1081 3118; x_wconf 85' lang='lat' dir='ltr'>mentem</span> <span class='ocrx_word' id='word_1_85' title='bbox 1113 3052 1217 3118; x_wconf 85' lang='lat' dir='ltr'>fuisse</span> <span class='ocrx_word' id='word_1_86' title='bbox 1238 3053 1300 3118; x_wconf 90' lang='lat' dir='ltr'>illis</span> 
     </span>
     <span class='ocr_line' id='line_1_12' title="bbox 184 3165 1302 3253; baseline 0 -21"><span class='ocrx_word' id='word_1_87' title='bbox 184 3168 289 3252; x_wconf 85' lang='lat' dir='ltr'>rebus,</span> <span class='ocrx_word' id='word_1_88' title='bbox 322 3188 404 3253; x_wconf 88' lang='lat' dir='ltr'>quae</span> <span class='ocrx_word' id='word_1_89' title='bbox 431 3188 518 3233; x_wconf 92' lang='lat' dir='ltr'>nunc</span> <span class='ocrx_word' id='word_1_90' title='bbox 540 3187 615 3232; x_wconf 95' lang='lat' dir='ltr'>eum</span> <span class='ocrx_word' id='word_1_91' title='bbox 638 3188 657 3231; x_wconf 88' lang='lat' dir='ltr'>a</span> <span class='ocrx_word' id='word_1_92' title='bbox 680 3168 795 3252; x_wconf 84' lang='lat' dir='ltr'>quovis</span> <span class='ocrx_word' id='word_1_93' title='bbox 818 3169 957 3232; x_wconf 87' lang='lat' dir='ltr'>retinent</span> <span class='ocrx_word' id='word_1_94' title='bbox 978 3168 1116 3252; x_wconf 87' lang='lat' dir='ltr'>negotio.</span> <span class='ocrx_word' id='word_1_95' title='bbox 1140 3165 1223 3244; x_wconf 75' lang='lat' dir='ltr'>Quis</span> <span class='ocrx_word' id='word_1_96' title='bbox 1244 3187 1302 3232; x_wconf 90' lang='lat' dir='ltr'>un·</span> 
     </span>
     <span class='ocr_line' id='line_1_13' title="bbox 186 3279 1304 3367; baseline 0 -20"><span class='ocrx_word' id='word_1_97' title='bbox 186 3303 282 3367; x_wconf 90' lang='lat' dir='ltr'>quam</span> <span class='ocrx_word' id='word_1_98' title='bbox 306 3287 398 3367; x_wconf 76' lang='lat' dir='ltr'>potita</span> <span class='ocrx_word' id='word_1_99' title='bbox 421 3300 528 3346; x_wconf 88' lang='lat' dir='ltr'>amore</span> <span class='ocrx_word' id='word_1_100' title='bbox 550 3300 673 3345; x_wconf 86' lang='lat' dir='ltr'>vacuus</span> <span class='ocrx_word' id='word_1_101' title='bbox 695 3280 781 3345; x_wconf 81' lang='lat' dir='ltr'>fuit?</span> <span class='ocrx_word' id='word_1_102' title='bbox 804 3281 849 3345; x_wconf 89' lang='lat' dir='ltr'>At</span> <span class='ocrx_word' id='word_1_103' title='bbox 870 3280 932 3345; x_wconf 88' lang='lat' dir='ltr'>fuit</span> <span class='ocrx_word' id='word_1_104' title='bbox 953 3279 1108 3346; x_wconf 80' lang='lat' dir='ltr'>Horatius</span> <span class='ocrx_word' id='word_1_105' title='bbox 1131 3280 1232 3367; x_wconf 88' lang='lat' dir='ltr'>idque</span> <span class='ocrx_word' id='word_1_106' title='bbox 1250 3299 1304 3366; x_wconf 87' lang='lat' dir='ltr'>per</span> 
     </span>
     <span class='ocr_line' id='line_1_14' title="bbox 186 3393 1302 3479; baseline -0.002 -18"><span class='ocrx_word' id='word_1_107' title='bbox 186 3401 273 3462; x_wconf 87' lang='lat' dir='ltr'>tres</span> <span class='ocrx_word' id='word_1_108' title='bbox 296 3415 405 3460; x_wconf 89' lang='lat' dir='ltr'>annos.</span> <span class='ocrx_word' id='word_1_109' title='bbox 430 3394 523 3459; x_wconf 78' lang='lat' dir='ltr'>licto:</span> <span class='ocrx_word' id='word_1_110' title='bbox 551 3393 686 3476; x_wconf 85' lang='lat' dir='ltr'>„Nunc”</span> <span class='ocrx_word' id='word_1_111' title='bbox 706 3396 751 3459; x_wconf 89' lang='lat' dir='ltr'>ait</span> <span class='ocrx_word' id='word_1_112' title='bbox 773 3414 882 3476; x_wconf 86' lang='lat' dir='ltr'>„amor</span> <span class='ocrx_word' id='word_1_113' title='bbox 902 3394 1005 3461; x_wconf 88' lang='lat' dir='ltr'>obstat</span> <span class='ocrx_word' id='word_1_114' title='bbox 1018 3396 1194 3479; x_wconf 91' lang='lat' dir='ltr'>quominus</span> <span class='ocrx_word' id='word_1_115' title='bbox 1207 3395 1302 3461; x_wconf 90' lang='lat' dir='ltr'>ullam</span> 
     </span>
     <span class='ocr_line' id='line_1_15' title="bbox 188 3507 1304 3594; baseline 0.002 -20"><span class='ocrx_word' id='word_1_116' title='bbox 188 3510 282 3574; x_wconf 83' lang='lat' dir='ltr'>aliam</span> <span class='ocrx_word' id='word_1_117' title='bbox 316 3528 383 3575; x_wconf 89' lang='lat' dir='ltr'>rem</span> <span class='ocrx_word' id='word_1_118' title='bbox 420 3507 582 3574; x_wconf 84' lang='lat' dir='ltr'>tractem.’&#39;</span> <span class='ocrx_word' id='word_1_119' title='bbox 616 3507 732 3574; x_wconf 86' lang='lat' dir='ltr'>Audio</span> <span class='ocrx_word' id='word_1_120' title='bbox 763 3510 809 3573; x_wconf 84' lang='lat' dir='ltr'>At</span> <span class='ocrx_word' id='word_1_121' title='bbox 838 3528 948 3573; x_wconf 92' lang='lat' dir='ltr'>nunc</span> <span class='ocrx_word' id='word_1_122' title='bbox 979 3528 1053 3574; x_wconf 93' lang='lat' dir='ltr'>eum</span> <span class='ocrx_word' id='word_1_123' title='bbox 1084 3508 1185 3594; x_wconf 92' lang='lat' dir='ltr'>pudet</span> <span class='ocrx_word' id='word_1_124' title='bbox 1209 3510 1304 3576; x_wconf 85' lang='lat' dir='ltr'>durae</span> 
     </span>
     <span class='ocr_line' id='line_1_16' title="bbox 189 3620 1304 3708; baseline 0.001 -19"><span class='ocrx_word' id='word_1_125' title='bbox 189 3623 352 3689; x_wconf 85' lang='lat' dir='ltr'>servitutis</span> <span class='ocrx_word' id='word_1_126' title='bbox 376 3642 471 3707; x_wconf 85' lang='lat' dir='ltr'>quam</span> <span class='ocrx_word' id='word_1_127' title='bbox 496 3621 556 3686; x_wconf 92' lang='lat' dir='ltr'>sub</span> <span class='ocrx_word' id='word_1_128' title='bbox 580 3620 711 3687; x_wconf 88' lang='lat' dir='ltr'>Inachia</span> <span class='ocrx_word' id='word_1_129' title='bbox 733 3641 849 3707; x_wconf 88' lang='lat' dir='ltr'>passus</span> <span class='ocrx_word' id='word_1_130' title='bbox 872 3626 929 3706; x_wconf 86' lang='grc' dir='ltr'>θεῖ,</span> <span class='ocrx_word' id='word_1_131' title='bbox 953 3623 1051 3708; x_wconf 91' lang='lat' dir='ltr'>pudet</span> <span class='ocrx_word' id='word_1_132' title='bbox 1074 3623 1304 3690; x_wconf 86' lang='lat' dir='ltr'>inconstantiae</span> 
     </span>
     <span class='ocr_line' id='line_1_17' title="bbox 189 3735 1305 3822; baseline 0.004 -23"><span class='ocrx_word' id='word_1_133' title='bbox 189 3737 341 3821; x_wconf 87' lang='lat' dir='ltr'>pristinae</span> <span class='ocrx_word' id='word_1_134' title='bbox 374 3735 584 3820; x_wconf 87' lang='lat' dir='ltr'>levitatisque.</span> <span class='ocrx_word' id='word_1_135' title='bbox 618 3737 748 3801; x_wconf 88' lang='lat' dir='ltr'>Amoris</span> <span class='ocrx_word' id='word_1_136' title='bbox 778 3738 831 3801; x_wconf 91' lang='lat' dir='ltr'>sui</span> <span class='ocrx_word' id='word_1_137' title='bbox 859 3736 980 3821; x_wconf 90' lang='lat' dir='ltr'>pudere</span> <span class='ocrx_word' id='word_1_138' title='bbox 1002 3737 1152 3822; x_wconf 85' lang='lat' dir='ltr'>aliquem,</span> <span class='ocrx_word' id='word_1_139' title='bbox 1175 3739 1233 3804; x_wconf 91' lang='lat' dir='ltr'>ubi</span> <span class='ocrx_word' id='word_1_140' title='bbox 1254 3738 1305 3804; x_wconf 91' lang='lat' dir='ltr'>ille</span> 
     </span>
     <span class='ocr_line' id='line_1_18' title="bbox 189 3850 1305 3935; baseline 0.006 -22"><span class='ocrx_word' id='word_1_141' title='bbox 189 3851 384 3934; x_wconf 88' lang='lat' dir='ltr'>praeterierit</span> <span class='ocrx_word' id='word_1_142' title='bbox 407 3854 654 3914; x_wconf 85' lang='lat' dir='ltr'>consentaneum</span> <span class='ocrx_word' id='word_1_143' title='bbox 679 3854 742 3914; x_wconf 88' lang='lat' dir='ltr'>est:</span> <span class='ocrx_word' id='word_1_144' title='bbox 767 3851 840 3935; x_wconf 86' lang='lat' dir='ltr'>quis</span> <span class='ocrx_word' id='word_1_145' title='bbox 862 3869 927 3915; x_wconf 92' lang='lat' dir='ltr'>non</span> <span class='ocrx_word' id='word_1_146' title='bbox 951 3850 1013 3916; x_wconf 89' lang='lat' dir='ltr'>sibi</span> <span class='ocrx_word' id='word_1_147' title='bbox 1032 3851 1190 3918; x_wconf 87' lang='lat' dir='ltr'>ridiculus</span> <span class='ocrx_word' id='word_1_148' title='bbox 1209 3852 1305 3919; x_wconf 84' lang='lat' dir='ltr'>fuisse</span> 
     </span>
     <span class='ocr_line' id='line_1_19' title="bbox 191 3963 1306 4053; baseline 0.004 -25"><span class='ocrx_word' id='word_1_149' title='bbox 191 3964 318 4028; x_wconf 83' lang='lat' dir='ltr'>videtur</span> <span class='ocrx_word' id='word_1_150' title='bbox 352 3969 520 4048; x_wconf 90' lang='lat' dir='ltr'>postquam</span> <span class='ocrx_word' id='word_1_151' title='bbox 552 3963 689 4047; x_wconf 92' lang='lat' dir='ltr'>puellam</span> <span class='ocrx_word' id='word_1_152' title='bbox 721 3966 852 4030; x_wconf 86' lang='lat' dir='ltr'>caritate</span> <span class='ocrx_word' id='word_1_153' title='bbox 882 3985 946 4050; x_wconf 90' lang='lat' dir='ltr'>qua</span> <span class='ocrx_word' id='word_1_154' title='bbox 976 3983 1045 4031; x_wconf 89' lang='lat' dir='ltr'>eam</span> <span class='ocrx_word' id='word_1_155' title='bbox 1064 3968 1117 4032; x_wconf 89' lang='grc' dir='ltr'>Ιθεῖ</span> <span class='ocrx_word' id='word_1_156' title='bbox 1141 3967 1306 4053; x_wconf 80' lang='lat' dir='ltr'>amplexus</span> 
     </span>
    </p>
   </div>
   <div class='ocr_carea' id='block_1_3' title="bbox 191 4076 1306 4281">
    <p class='ocr_par' dir='ltr' id='par_1_3' title="bbox 191 4076 1306 4281">
     <span class='ocr_line' id='line_1_20' title="bbox 191 4076 1306 4167; baseline 0.007 -26"><span class='ocrx_word' id='word_1_157' title='bbox 191 4078 445 4163; x_wconf 87' lang='lat' dir='ltr'>indignissimam</span> <span class='ocrx_word' id='word_1_158' title='bbox 488 4076 588 4141; x_wconf 86' lang='lat' dir='ltr'>fuisse</span> <span class='ocrx_word' id='word_1_159' title='bbox 621 4084 771 4163; x_wconf 86' lang='lat' dir='ltr'>expertus</span> <span class='ocrx_word' id='word_1_160' title='bbox 805 4079 878 4144; x_wconf 80' lang='lat' dir='ltr'>est?</span> <span class='ocrx_word' id='word_1_161' title='bbox 912 4079 969 4145; x_wconf 87' lang='lat' dir='ltr'>Sin</span> <span class='ocrx_word' id='word_1_162' title='bbox 1002 4099 1079 4146; x_wconf 82' lang='lat' dir='ltr'>vero</span> <span class='ocrx_word' id='word_1_163' title='bbox 1112 4081 1148 4146; x_wconf 89' lang='lat' dir='ltr'>in</span> <span class='ocrx_word' id='word_1_164' title='bbox 1182 4082 1306 4167; x_wconf 83' lang='lat' dir='ltr'>pristini</span> 
     </span>
     <span class='ocr_line' id='line_1_21' title="bbox 192 4192 1304 4281; baseline 0.005 -25"><span class='ocrx_word' id='word_1_165' title='bbox 192 4193 299 4256; x_wconf 93' lang='lat' dir='ltr'>locum</span> <span class='ocrx_word' id='word_1_166' title='bbox 334 4209 438 4256; x_wconf 87' lang='lat' dir='ltr'>novus</span> <span class='ocrx_word' id='word_1_167' title='bbox 473 4192 627 4256; x_wconf 86' lang='lat' dir='ltr'>successit</span> <span class='ocrx_word' id='word_1_168' title='bbox 657 4211 753 4275; x_wconf 88' lang='lat' dir='ltr'>amor,</span> <span class='ocrx_word' id='word_1_169' title='bbox 775 4193 885 4259; x_wconf 89' lang='lat' dir='ltr'>nullus</span> <span class='ocrx_word' id='word_1_170' title='bbox 907 4195 970 4259; x_wconf 91' lang='lat' dir='ltr'>iam</span> <span class='ocrx_word' id='word_1_171' title='bbox 993 4194 1110 4279; x_wconf 89' lang='lat' dir='ltr'>pudori</span> <span class='ocrx_word' id='word_1_172' title='bbox 1131 4195 1223 4264; x_wconf 91' lang='lat' dir='ltr'>locus</span> <span class='ocrx_word' id='word_1_173' title='bbox 1245 4202 1304 4281; x_wconf 72' lang='grc' dir='ltr'>θεῖς</span> 
     </span>
    </p>
   </div>
   <div class='ocr_carea' id='block_1_4' title="bbox 0 0 1518 5130">
    <p class='ocr_par' dir='ltr' id='par_1_4' title="bbox 0 0 1518 5130">
     <span class='ocr_line' id='line_1_22' title="bbox 0 0 1518 5130; baseline 0 0"><span class='ocrx_word' id='word_1_174' title='bbox 0 0 1518 5130; x_wconf 95' lang='lat' dir='ltr'> </span> 
     </span>
    </p>
   </div>
  </div>
 </body>
</html>
