2954 5130
654 527 698 591 49

166 708 223 792 IV,
243 709 272 773 6.
297 708 454 775 Carminis
474 710 653 776 Saecularis
673 718 722 776 est
733 713 946 796 prooemium:
961 713 1114 797 ineptum,
1125 713 1239 797 hercle,

119 824 318 906 prooemium
354 825 505 892 carminis
538 825 639 889 ieiuni
671 824 859 909 frigidique!
893 823 1048 909 Bipartito
1079 826 1161 890 illud
1191 834 1241 892 est

122 935 280 1002 divisum:
303 937 401 1003 altera
423 943 513 1022 parte
535 938 650 1023 Apollo
675 940 842 1004 invocatur
864 943 901 1004 ut
923 941 1058 1004 carmini
1076 939 1239 1005 Saeculari

121 1050 256 1133 eiusque
278 1056 388 1135 potitae
407 1051 514 1118 favere
537 1052 622 1135 velit,
639 1053 738 1117 altera
757 1054 847 1137 pueri
867 1053 1056 1138 puellaeque
1068 1059 1239 1119 monentur

121 1168 158 1229 ut
179 1165 215 1228 in
238 1163 398 1249 Apollinis
417 1163 667 1250 Dianaeque
687 1167 839 1230 honorem
859 1166 991 1251 pulchre
1010 1167 1152 1232 canendo
1165 1167 1241 1232 dent

120 1297 257 1362 operam.
279 1278 316 1342 In
344 1280 559 1364 prioreparte
582 1280 622 1345 de
645 1281 744 1345 unius
767 1278 928 1364 Apollinis
952 1279 1101 1345 laudibus
1115 1280 1239 1346 multus

121 1397 169 1456 est
191 1395 293 1475 poeta,
314 1388 437 1458 Dianae
458 1393 493 1456 in
516 1393 614 1457 altera
634 1394 764 1457 demum
784 1391 821 1457 fit
840 1395 975 1458 mentio:
996 1413 1109 1477 parum
1122 1391 1241 1473 συμμέ-

120 1527 202 1584 τρως,
237 1509 273 1570 ut
307 1505 405 1570 vides.
440 1505 482 1569 Et
511 1507 545 1569 in
576 1505 640 1570 illis
672 1508 753 1591 ipsis
785 1525 868 1590 quae
900 1506 939 1571 de
961 1505 1065 1571 Diana
1088 1507 1240 1573 dicuntur

121 1618 201 1683 nihil
225 1624 273 1683 est
295 1637 337 1683 ex
361 1638 425 1703 quo
448 1624 597 1704 appareat
619 1621 654 1683 in
676 1619 765 1684 illius
788 1621 888 1684 tutela
906 1624 963 1684 aut
981 1620 1093 1685 urbem
1104 1619 1239 1685 Romam

121 1749 200 1815 esse,
222 1736 287 1815 aut,
309 1732 343 1796 id
367 1732 452 1816 quod
475 1751 550 1817 prae
573 1733 685 1797 ceteris
710 1732 992 1798 demonstrandum
1015 1738 1092 1817 erat,
1117 1733 1239 1818 puellas

120 1844 298 1910 Romanas:
322 1844 452 1930 frugum
477 1846 594 1910 dicitur
618 1845 685 1930 dea,
707 1847 896 1929 venationis,
919 1846 1022 1911 lunae.
1046 1846 1108 1911 Sed
1131 1846 1239 1912 videa·

122 1978 195 2024 mus
219 1978 283 2042 quo
307 1960 536 2024 sententiarum
555 1977 642 2025 nexu
662 1978 789 2024 carmen
809 1959 982 2024 cohaereat
1002 1959 1119 2025 Paucis
1130 1959 1239 2026 verbis

122 2072 185 2137 dici
208 2077 318 2158 potest
346 2071 392 2154 „0
415 2072 527 2156 pueri''
550 2077 643 2158 poeta
666 2074 711 2137 ait
736 2073 953 2158 „puellaeque
976 2073 1109 2158 pulchre
1133 2075 1237 2138 canite

120 2185 153 2248 in
178 2185 398 2270 Apollinis
420 2183 667 2270 Dianaeque
686 2186 848 2269 honorem,
868 2192 938 2251 tum
957 2192 1109 2263 vestrum,
1128 2187 1238 2272 puel-

121 2300 201 2384 lae,
224 2299 280 2365 ubi
302 2305 421 2385 nuptae
443 2302 506 2365 iam
532 2303 632 2382 eritis,
654 2320 868 2387 unaquaeque
892 2301 996 2365 dicere
1017 2303 1149 2385 poterit:
1178 2321 1236 2386 ego

121 2415 155 2478 in
190 2414 358 2479 deorum
399 2414 551 2480 honorem
586 2414 711 2479 Horatii
746 2433 874 2479 carmen
908 2414 1070 2479 saeculare
1105 2414 1237 2480 cecini.''

122 2525 208 2603 Quid
243 2546 341 2592 sensu
375 2547 502 2592 cassum
536 2534 584 2593 est
618 2529 680 2592 nisi
714 2527 775 2592 hoo
805 2528 877 2593 est?
908 2527 950 2593 Et
973 2547 1127 2612 quorsum
1151 2528 1238 2593 istud

122 2640 275 2725 nupta?
308 2639 498 2706 Rectissime
530 2640 611 2706 illud
646 2641 699 2705 hio
729 2641 837 2706 sedem
869 2661 961 2706 suam
991 2641 1130 2726 haberet,
1153 2643 1180 2706 si
1203 2643 1237 2706 in

121 2751 244 2819 Dianae
265 2753 415 2819 laudibus
438 2754 560 2840 aliquid
582 2753 744 2839 legeretur
766 2755 870 2819 simile
894 2753 1081 2819 Catulliani:

472 2906 521 2970 Tu
543 2904 665 2970 Lucina
688 2905 868 2970 dolentibus

475 3019 559 3085 Iuno
583 3020 667 3084 dicta
688 3021 854 3104 puerperis

121 3137 173 3202 vel
195 3135 382 3201 Horatiani:

388 3270 476 3349 Quae
497 3271 677 3336 laborantes
700 3275 791 3336 utero
815 3271 938 3356 puellas

386 3385 446 3452 Ter
466 3390 578 3450 vocata
601 3386 692 3450 audis
716 3384 897 3470 adimisque
920 3385 993 3449 leto.

165 3550 210 3615 At
240 3554 377 3615 metrum
404 3547 561 3613 eiusmodi
584 3547 707 3632 aliquid
729 3548 792 3611 iam
816 3566 882 3610 non
906 3544 1097 3610 admittebat.
1122 3542 1237 3607 Obser-

121 3684 233 3730 vemus
267 3667 427 3748 praeterea
462 3661 657 3726 locutiones:
694 3660 734 3722 27
766 3658 912 3724 Dauniae
943 3660 1041 3724 decus
1073 3656 1237 3738 Camenae,

121 3779 162 3840 35
196 3776 347 3842 Lesbium
379 3774 499 3859 pedem,
533 3774 574 3838 36
607 3772 731 3858 pollicis
761 3774 871 3856 ictum,
895 3774 936 3837 30
963 3777 1061 3837 artem
1085 3771 1237 3835 carminis

121 3909 302 3974 nomenque
324 3893 442 3974 poetae,
465 3893 508 3950 44
532 3887 643 3951 docilis
664 3887 849 3967 modorum;
874 3886 1054 3950 videbimus
1078 3904 1234 3950 summam

121 4006 219 4070 huius
250 4022 379 4089 quoque
410 4004 562 4087 prooemii
593 4001 719 4066 laudem
742 4003 776 4065 in
800 4021 837 4066 eo
861 4019 978 4086 ponere
1000 4005 1125 4084 poetam
1150 3999 1236 4083 quod

121 4118 330 4182 difficilia
356 4116 412 4181 illa
437 4117 630 4181 Graecorum
663 4120 763 4179 metra
792 4114 904 4180 Latine
935 4115 976 4178 sit
998 4115 1149 4178 imitatus.
1173 4112 1236 4177 Sed

118 4205 285 4299 redeamus
319 4231 359 4297 ad
393 4249 505 4296 versus
544 4229 666 4312 1-28‚
702 4228 821 4321 quibus
854 4227 1014 4313 Apollinis
1047 4228 1237 4312 imploratur

1120 4336 1138 4391 4
