2954 5130
752 525 795 587 24

256 710 401 777 Natalem
437 730 512 796 ergo
548 709 629 774 diem
667 710 779 776 Idibus
810 710 977 795 Aprilibus
1008 709 1120 796 agebat
1143 709 1327 792 Maeeenas3

212 825 266 891 sed
298 825 528 890 Latinitati
556 825 606 890 vis
627 825 773 890 facienda
794 831 843 891 est
867 833 903 890 ut
926 845 1000 890 eum
1024 845 1155 890 sensum
1178 844 1196 889 e
1219 824 1325 890 verbis

212 958 261 1003 ex
291 939 365 1003 hac
395 938 488 1002 luce
519 936 755 1004 affluentes
779 939 950 1003 ordinat
972 944 1104 1003 annos
1127 942 1328 1023 extorqueas,

256 1051 420 1117 Permulta
447 1059 523 1117 suut
546 1070 588 1116 ex
610 1052 670 1117 hoa
691 1070 810 1136 genere
832 1054 910 1117 vitia
933 1053 1019 1137 apud
1041 1051 1220 1136 Horatium,
1247 1073 1330 1137 quae
1443 1058 1445 1062 '

212 1166 348 1251 diligens
371 1165 470 1230 lector
492 1165 586 1231 laoile
607 1167 675 1250 ipse
698 1166 843 1251 colligat3
870 1186 970 1231 unum
991 1167 1086 1231 etiam
1106 1166 1218 1231 addam
1233 1168 1330 1251 quod,

212 1281 293 1362 licet·
308 1297 405 1364 prava
428 1297 465 1343 eo
488 1298 568 1343 usus
590 1281 640 1362 sit,
660 1284 745 1344 recte
764 1285 869 1344 tamur
884 1279 1066 1369 observavit
1078 1279 1327 1364 Peerlkampins.

257 1392 315 1477 IV,
339 1393 389 1476 14,
414 1392 454 1456 10
480 1412 548 1476 sqq.

411 1553 539 1620 Drusus
563 1553 743 1638 Genaunes,
765 1556 974 1641 implacidum
996 1575 1111 1640 genus,
1188 1611 1192 1615 ,

454 1667 667 1754 Breunosque
691 1671 815 1735 veloces
838 1674 869 1735 ot
883 1690 979 1736 ¹arces

498 1781 637 1866 Alpibus
660 1783 825 1867 impositas
848 1784 1022 1848 tremendis
1142 1836 1144 1840 .
1173 1840 1175 1842 ,

412 1893 535 1961 Deiecit
557 1914 630 1960 acer
652 1896 727 1981 plus
750 1897 821 1962 vice
844 1896 990 1981 simplici.

258 2055 343 2146 Quid
365 2073 456 2156 potita
479 2071 617 2136 voluerit
637 2071 745 2155 aliquo
758 2071 852 2135 modo
864 2071 1007 2137 divinare
1019 2091 1199 2157 possumus.
1212 2070 1328 2139 Dicen-

213 2184 289 2249 dum
324 2185 409 2249 enim
444 2184 505 2249 hoc
539 2191 622 2250 orat:
656 2183 828 2250 Genaunos
858 2204 915 2269 pro
948 2184 1081 2269 damnis,
1105 2205 1186 2270 quae
1208 2181 1329 2252 finibus

210 2293 365 2381 Romanis
399 2297 584 2381 intulerant,
618 2297 811 2382 multiplices
845 2318 964 2382 poenas
999 2299 1073 2363 dare
1102 2301 1217 2385 vcatigit.
1249 2299 1330 2377 Quis

212 2416 319 2475 tamen
343 2409 472 2495 obloqui
495 2411 610 2497 audeat
629 2411 849 2496 Peerlkampio
870 2413 1050 2477 annotauti:
1075 2410 1222 2495 „Drusus
1244 2415 1327 2480 deie-

212 2510 255 2590 cit
286 2524 459 2590 Genaunes
489 2543 531 2589 ex
554 2524 691 2609 Alpibus
714 2525 788 2608 plus
811 2526 881 2590 vioe
903 2526 1056 2611 simplioi;
1080 2522 1154 2612 ergo
1179 2525 1328 2593 Genauni

212 2659 286 2720 eum
321 2643 414 2704 antea
444 2639 632 2722 deiecerant,
664 2644 701 2704 ut
730 2659 819 2704 nunc
842 2641 944 2705 vicem
968 2641 1128 2733 redderet*
1145 2640 1238 2732 Quod
1261 2662 1326 2708 non

211 2771 323 2818 varum
348 2750 435 2817 est''‘

255 2864 308 2929 Ad
341 2865 428 2930 aliud
461 2884 564 2950 genus
596 2870 729 2930 transeo.
762 2864 825 2942 Qui
855 2866 956 2930 multo
987 2866 1094 2932 labore
1117 2887 1326 2934 numerorum

211 2978 415 3044 difficultates
438 2997 588 3064 superare
611 2979 727 3063 studet,
749 2980 784 3042 in
807 2999 909 3064 eoque
933 2983 1059 3066 negotio
1083 2986 1171 3047 totus
1194 2987 1327 3067 estnon

211 3097 315 3178 potest
349 3093 427 3177 quin
461 3083 623 3157 interdum
658 3094 711 3157 sui
744 3093 812 3177 ipse
844 3095 1024 3178 argumenti
1054 3094 1110 3160 fiat
1141 3097 1326 3163 immemor:

213 3206 314 3272 multa
354 3207 384 3271 ei
413 3211 492 3270 tunc
526 3206 721 3291 imprudenti
756 3207 911 3271 excidunt
947 3208 1108 3292 vocabula,
1144 3213 1328 3297 sententiae,

211 3323 395 3412 locutiones
411 3341 494 3406 quae
516 3327 663 3387 accurate
684 3322 803 3407 legonti
824 3323 932 3397 risum,
951 3329 1115 3389 moveant:

211 3485 311 3568 1,32.
389 3485 566 3550 Posoimur.
590 3484 625 3551 Si
649 3486 726 3570 quid
748 3486 842 3551 vacui
864 3485 925 3551 sub
949 3485 1062 3552 umbra
1181 3540 1183 3544 .
1317 3539 1319 3542 Α

387 3596 539 3664 Lusimus
563 3603 678 3682 mcum,
702 3600 789 3683 quod
813 3604 845 3664 et
866 3601 954 3664 hunc
975 3601 1011 3665 in
1034 3619 1155 3667 annum

258 3729 260 3733 ’
388 3711 486 3777 Vivat
508 3716 540 3776 et
562 3712 680 3796 plures,
704 3732 762 3797 age
784 3713 835 3778 dic
858 3712 1017 3797 latinum,

519 3823 658 3908 Barbite,
681 3844 808 3891 carmen

388 3936 502 4004 Lesbio
526 3940 664 4023 primum
689 3939 851 4005 modulate
878 3941 949 4005 civi.
995 3981 1000 4015 e:
1078 3948 1082 3973 ³

256 4107 465 4195 lepidissime
495 4111 618 4197 aliquid
648 4113 839 4197 excogitavit
869 4115 1109 4203 Peerlkampius
1132 4139 1172 4185 no
1195 4141 1328 4205 prorsus

212 4241 310 4290 sensu
333 4225 415 4290 cassi
438 4224 472 4288 hi
493 4243 606 4292 versus
625 4230 739 4292 essent.
759 4226 900 4295 Coniecit
912 4231 996 4296 euim
1008 4230 1178 4298 Horatium
1191 4253 1320 4303 carmen
