2954 5130
669 499 711 564 69

136 686 264 752 fortuna
286 691 440 772 perpetuo
461 685 615 752 Romanis
637 685 742 751 fausta
763 685 825 752 fuit
847 706 953 772 neque
975 708 1058 753 novo
1079 688 1144 754 ullo
1156 691 1254 754 inter·

135 806 230 886 rupta
253 801 378 873 damno.
405 799 463 882 „In
485 819 522 865 aa
545 805 652 866 autem
674 800 823 866 fortunae
844 803 1024 867 constantia
1047 801 1255 888 significanda

136 934 250 1002 parum
273 914 352 981 felix
374 919 467 999 poeta
489 914 557 980 fnit
580 913 670 980 Haeo
693 916 779 980 enim
807 915 899 981 dicit:

331 1074 333 1080 ’
358 1076 436 1142 Post
457 1077 519 1142 hoo
542 1076 693 1142 secundis
716 1096 822 1161 usque
848 1076 1011 1144 laboribus

402 1190 545 1257 Romana
568 1190 670 1276 pubes
694 1192 793 1256 crevit
815 1196 846 1256 et
868 1193 968 1277 impio

447 1303 580 1370 Vastata
601 1303 784 1370 Poenorum
806 1306 950 1371 tumultu

490 1417 578 1483 Fana
601 1419 677 1485 deos
701 1417 841 1485 habuere
866 1424 980 1487 reatos.

358 1530 515 1619 Dixitque
537 1533 666 1598 tandem
689 1533 831 1618 perfidus
852 1532 1032 1599 Hannibal:

185 1709 264 1787 Quis
283 1714 400 1793 autem,
419 1710 482 1774 nisi
500 1709 729 1774 sententiarum
742 1726 829 1773 nexu
842 1714 980 1792 coactus,
993 1708 1091 1774 verba
1111 1728 1257 1776 secun·

139 1824 205 1889 dis
237 1841 372 1908 usque
407 1821 631 1888 laboribus
664 1821 846 1887 Romana
877 1820 1011 1907 pubes
1046 1825 1183 1889 erevit
1216 1824 1256 1890 de

138 1941 300 2024 perpetuis
327 1936 545 2002 Romanorum
576 1937 717 2001 victoriis
740 1936 922 2020 accipienda
945 1938 1151 2021 suspicetur?
1175 1937 1254 2015 Quis

137 2053 190 2117 hio
222 2053 314 2117 loeus
344 2051 499 2116 adieetivo
523 2049 617 2134 perf
622 2049 744 2114 idus?
767 2048 945 2134 lespeotes
969 2051 1053 2115 enim
1077 2050 1197 2135 aliquid
1220 2052 1255 2115 in

138 2167 221 2231 hano
245 2165 450 2231 sententiam:
477 2163 659 2246 „Hannibal
683 2164 740 2248 qui
763 2181 888 2247 semper
912 2168 1005 2229 antea
1027 2169 1091 2228 tam
1113 2163 1175 2229 sibi
1192 2164 1255 2229 for-

139 2285 301 2364 tunaeque
336 2297 413 2344 suae
445 2276 651 2343 confidebat’'.
675 2275 776 2353 Quam
801 2279 908 2361 inepte
931 2277 1069 2361 deniqne
1092 2276 1254 2343 Hannibal

140 2395 180 2460 de
212 2394 359 2458 fortunae
393 2412 470 2458 suae
499 2392 678 2456 constantia
699 2397 768 2456 tum
792 2391 922 2456 demum
946 2390 1091 2455 dubitare
1114 2393 1256 2476 coepisse

141 2508 257 2572 dieitur
276 2527 377 2592 quum
396 2508 460 2570 iam
478 2505 575 2570 fana
595 2505 692 2570 deos
716 2504 900 2570 habuere
919 2509 1068 2586 reatos,
1087 2485 1255 2590 iaouum

140 2620 278 2686 Romani
312 2621 415 2685 securi
450 2621 513 2685 iam
548 2624 579 2684 et
611 2625 698 2683 metu
728 2617 822 2682 liberi
854 2619 960 2683 omnia
989 2624 1131 2683 vastatae
1153 2617 1194 2682 ab
1218 2637 1255 2684 eo

141 2734 252 2800 Italiae
275 2735 409 2818 vestigia
433 2732 623 2798 deleverant.
648 2729 733 2807 Quid
757 2730 845 2815 quod
864 2729 1019 2796 voeabula
1039 2731 1136 2796 fana
1158 2731 1256 2797 deos

140 2846 324 2912 habuere
354 2851 494 2912 reatos
525 2845 612 2910 salva
638 2843 809 2909 Latinitate
832 2863 897 2908 non
920 2849 1054 2928 possunt
1077 2843 1257 2928 significare

140 2960 173 3024 id
197 2960 282 3044 quod
313 2960 416 3024 dicere
444 2959 584 3024 voluisse
606 2962 731 3042 politam
755 2957 878 3041 liquido
901 2963 1037 3042 apparet.
1061 2958 1148 3022 Fana
1171 2960 1256 3024 enim

141 3079 243 3139 reatos
276 3073 425 3138 habentia
458 3072 534 3138 deos
567 3071 648 3138 bene
682 3077 889 3156 opponuntur
922 3071 1049 3156 templis
1078 3072 1143 3137 illis
1175 3092 1256 3157 quae

142 3189 245 3272 primo
270 3186 359 3252 urbis
380 3185 501 3251 Romae
523 3191 665 3270 tempore
688 3185 829 3269 fuerunt,
849 3205 950 3270 quum

317 3349 461 3435 Iuppiter
484 3355 619 3435 angusta
642 3350 700 3412 rix
722 3353 809 3414 totus
832 3347 937 3414 stabat
958 3349 993 3412 in
1016 3349 1101 3414 aede.

187 3526 269 3591 Sunt
303 3544 378 3610 ergo
407 3523 523 3608 templa
557 3526 677 3589 maiora
712 3528 743 3589 et
776 3523 1048 3608 magnificentiora
1080 3543 1176 3608 quam
1200 3544 1257 3609 pro

143 3643 269 3706 vetusta
304 3639 514 3722 simplicitate,
545 3657 610 3702 non
635 3638 752 3721 templa
775 3637 950 3702 deletorum
975 3636 1165 3720 templorum
1187 3636 1256 3701 loeo

144 3755 253 3838 posita.
276 3751 338 3817 Sed
360 3752 585 3836 gravissimum
607 3755 656 3814 est
675 3728 762 3834 quod
781 3750 885 3814 allatis
896 3750 1043 3814 versibus
1055 3750 1258 3816 vehementer

142 3868 192 3930 vis
226 3865 263 3930 fit
291 3865 459 3939 historiae:
487 3863 584 3945 „Post
606 3861 787 3935 Metaurum
812 3881 937 3946 semper
959 3861 1040 3927 bene
1061 3880 1128 3927 rem
1151 3881 1257 3946 gesse·

142 3984 218 4045 runt
240 3978 385 4060 Romani,
408 3978 573 4042 tandem
596 3977 787 4041 exclamavit
809 3975 972 4041 Hannibal
995 3972 1022 4040 el
1034 3997 1064 4061 q.
1076 3975 1121 4040 s.''
1141 3975 1257 4044 Nonne

142 4093 194 4158 hio
217 4093 256 4158 de
278 4092 399 4176 proelio
424 4090 464 4155 ad
487 4089 669 4156 Metaurum
691 4090 726 4153 id
746 4089 864 4154 dicitnr
883 4089 969 4173 quod
989 4089 1028 4154 de
1039 4090 1160 4173 proelio
1173 4090 1258 4174 apud

144 4205 269 4289 Nolam,
293 4204 379 4289 quod
403 4209 473 4268 octo
497 4205 590 4269 annis
613 4210 687 4268 ante
707 4203 777 4286 fnit,
796 4203 968 4293 dicendum
981 4202 1258 4268 eratlHooenim
