<?xml version="1.0" encoding="UTF-8"?>
<!DOCTYPE html PUBLIC "-//W3C//DTD XHTML 1.0 Transitional//EN"
    "http://www.w3.org/TR/xhtml1/DTD/xhtml1-transitional.dtd">
<html xmlns="http://www.w3.org/1999/xhtml" xml:lang="en" lang="en">
 <head>
  <title>
</title>
<meta http-equiv="Content-Type" content="text/html;charset=utf-8" />
  <meta name='ocr-system' content='tesseract 3.04.00' />
  <meta name='ocr-capabilities' content='ocr_page ocr_carea ocr_par ocr_line ocrx_word'/>
</head>
<body>
  <div class='ocr_page' id='page_1' title='image "./dehoratiopota00hartgoog_0206.png"; bbox 0 0 2954 5130; ppageno 0'>
   <div class='ocr_carea' id='block_1_1' title="bbox 538 1766 963 1854">
    <p class='ocr_par' dir='ltr' id='par_1_1' title="bbox 538 1766 963 1854">
     <span class='ocr_line' id='line_1_1' title="bbox 538 1766 963 1854; baseline 0.005 -14"><span class='ocrx_word' id='word_1_1' title='bbox 538 1766 963 1854; x_wconf 79' lang='lat' dir='ltr'><strong>EPILOGUS.</strong></span> 
     </span>
    </p>
   </div>
   <div class='ocr_carea' id='block_1_2' title="bbox 187 2404 1305 4309">
    <p class='ocr_par' dir='ltr' id='par_1_2' title="bbox 187 2404 1305 4309">
     <span class='ocr_line' id='line_1_2' title="bbox 232 2404 1303 2490; baseline 0 -21"><span class='ocrx_word' id='word_1_2' title='bbox 232 2405 370 2470; x_wconf 77' lang='lat' dir='ltr'><strong>Tandem</strong></span> <span class='ocrx_word' id='word_1_3' title='bbox 393 2405 563 2490; x_wconf 85' lang='lat' dir='ltr'><strong>aliquando</strong></span> <span class='ocrx_word' id='word_1_4' title='bbox 587 2407 627 2470; x_wconf 88' lang='lat' dir='ltr'><strong>ad</strong></span> <span class='ocrx_word' id='word_1_5' title='bbox 647 2404 773 2469; x_wconf 86' lang='lat' dir='ltr'><strong>Horatii</strong></span> <span class='ocrx_word' id='word_1_6' title='bbox 795 2406 918 2490; x_wconf 79' lang='lat' dir='ltr'><strong>podsin,</strong></span> <span class='ocrx_word' id='word_1_7' title='bbox 940 2404 1024 2469; x_wconf 89' lang='lat' dir='ltr'><strong>unde</strong></span> <span class='ocrx_word' id='word_1_8' title='bbox 1044 2405 1205 2489; x_wconf 82' lang='lat' dir='ltr'><strong>digressus</strong></span> <span class='ocrx_word' id='word_1_9' title='bbox 1219 2424 1303 2488; x_wconf 82' lang='lat' dir='ltr'><strong>sum,</strong></span> 
     </span>
     <span class='ocr_line' id='line_1_3' title="bbox 187 2517 1302 2603; baseline 0 -21"><span class='ocrx_word' id='word_1_10' title='bbox 187 2525 334 2584; x_wconf 86' lang='lat' dir='ltr'><strong>revertor.</strong></span> <span class='ocrx_word' id='word_1_11' title='bbox 359 2519 510 2584; x_wconf 81' lang='lat' dir='ltr'>Dicebam</span> <span class='ocrx_word' id='word_1_12' title='bbox 534 2526 641 2584; x_wconf 87' lang='lat' dir='ltr'><strong>autem</strong></span> <span class='ocrx_word' id='word_1_13' title='bbox 664 2519 743 2583; x_wconf 93' lang='lat' dir='ltr'><strong>mihi</strong></span> <span class='ocrx_word' id='word_1_14' title='bbox 765 2539 830 2583; x_wconf 89' lang='lat' dir='ltr'><strong>non</strong></span> <span class='ocrx_word' id='word_1_15' title='bbox 854 2520 947 2603; x_wconf 89' lang='lat' dir='ltr'><strong>plane</strong></span> <span class='ocrx_word' id='word_1_16' title='bbox 968 2517 1100 2583; x_wconf 80' lang='lat' dir='ltr'><strong>Goethei</strong></span> <span class='ocrx_word' id='word_1_17' title='bbox 1119 2519 1158 2585; x_wconf 93' lang='lat' dir='ltr'><strong>de</strong></span> <span class='ocrx_word' id='word_1_18' title='bbox 1169 2517 1302 2583; x_wconf 89' lang='lat' dir='ltr'><strong>Horatio</strong></span> 
     </span>
     <span class='ocr_line' id='line_1_4' title="bbox 188 2632 1303 2717; baseline 0.001 -20"><span class='ocrx_word' id='word_1_19' title='bbox 188 2632 314 2717; x_wconf 86' lang='lat' dir='ltr'><strong>probari</strong></span> <span class='ocrx_word' id='word_1_20' title='bbox 346 2634 517 2713; x_wconf 79' lang='lat' dir='ltr'><strong>iudicium3</strong></span> <span class='ocrx_word' id='word_1_21' title='bbox 555 2653 643 2698; x_wconf 88' lang='lat' dir='ltr'><strong>nuno</strong></span> <span class='ocrx_word' id='word_1_22' title='bbox 673 2653 731 2697; x_wconf 86' lang='lat' dir='ltr'><strong>our</strong></span> <span class='ocrx_word' id='word_1_23' title='bbox 762 2653 781 2697; x_wconf 86' lang='lat' dir='ltr'><strong>a</strong></span> <span class='ocrx_word' id='word_1_24' title='bbox 813 2652 938 2697; x_wconf 82' lang='lat' dir='ltr'><strong>summo</strong></span> <span class='ocrx_word' id='word_1_25' title='bbox 962 2633 1031 2697; x_wconf 82' lang='lat' dir='ltr'><strong>viro</strong></span> <span class='ocrx_word' id='word_1_26' title='bbox 1055 2632 1249 2715; x_wconf 78' lang='lat' dir='ltr'><strong>dissentiam,</strong></span> <span class='ocrx_word' id='word_1_27' title='bbox 1272 2636 1303 2698; x_wconf 90' lang='lat' dir='ltr'><strong>et</strong></span> 
     </span>
     <span class='ocr_line' id='line_1_5' title="bbox 190 2745 1305 2831; baseline -0.001 -19"><span class='ocrx_word' id='word_1_28' title='bbox 190 2748 266 2831; x_wconf 91' lang='lat' dir='ltr'><strong>quid</strong></span> <span class='ocrx_word' id='word_1_29' title='bbox 286 2749 348 2831; x_wconf 88' lang='lat' dir='ltr'><strong>ipsi</strong></span> <span class='ocrx_word' id='word_1_30' title='bbox 372 2748 449 2811; x_wconf 92' lang='lat' dir='ltr'><strong>mihi</strong></span> <span class='ocrx_word' id='word_1_31' title='bbox 473 2748 511 2811; x_wconf 92' lang='lat' dir='ltr'><strong>de</strong></span> <span class='ocrx_word' id='word_1_32' title='bbox 534 2747 649 2829; x_wconf 83' lang='lat' dir='ltr'><strong>Lyrioo</strong></span> <span class='ocrx_word' id='word_1_33' title='bbox 672 2747 817 2811; x_wconf 86' lang='lat' dir='ltr'><strong>Romano</strong></span> <span class='ocrx_word' id='word_1_34' title='bbox 840 2747 1043 2811; x_wconf 86' lang='lat' dir='ltr'><strong>statuendum</strong></span> <span class='ocrx_word' id='word_1_35' title='bbox 1068 2746 1215 2811; x_wconf 85' lang='lat' dir='ltr'><strong>videatur</strong></span> <span class='ocrx_word' id='word_1_36' title='bbox 1233 2745 1305 2811; x_wconf 67' lang='lat' dir='ltr'>bre«</span> 
     </span>
     <span class='ocr_line' id='line_1_6' title="bbox 188 2859 1303 2946; baseline 0 -22"><span class='ocrx_word' id='word_1_37' title='bbox 188 2863 270 2926; x_wconf 87' lang='lat' dir='ltr'><strong>viter</strong></span> <span class='ocrx_word' id='word_1_38' title='bbox 303 2881 469 2946; x_wconf 82' lang='lat' dir='ltr'><strong>exponam.</strong></span> <span class='ocrx_word' id='word_1_39' title='bbox 506 2860 666 2927; x_wconf 85' lang='lat' dir='ltr'><strong>Goetheus</strong></span> <span class='ocrx_word' id='word_1_40' title='bbox 697 2879 781 2945; x_wconf 85' lang='lat' dir='ltr'><strong>ergo,</strong></span> <span class='ocrx_word' id='word_1_41' title='bbox 804 2861 861 2944; x_wconf 89' lang='lat' dir='ltr'><strong>qui</strong></span> <span class='ocrx_word' id='word_1_42' title='bbox 884 2863 918 2924; x_wconf 93' lang='lat' dir='ltr'><strong>in</strong></span> <span class='ocrx_word' id='word_1_43' title='bbox 942 2859 1062 2945; x_wconf 81' lang='lat' dir='ltr'><strong>Elegiis</strong></span> <span class='ocrx_word' id='word_1_44' title='bbox 1085 2859 1303 2925; x_wconf 86' lang='lat' dir='ltr'><strong>Romanorum</strong></span> 
     </span>
     <span class='ocr_line' id='line_1_7' title="bbox 189 2973 1305 3058; baseline -0.001 -21"><span class='ocrx_word' id='word_1_45' title='bbox 189 2976 350 3038; x_wconf 83' lang='lat' dir='ltr'><strong>amatoriis</strong></span> <span class='ocrx_word' id='word_1_46' title='bbox 384 2979 470 3039; x_wconf 90' lang='lat' dir='ltr'><strong>totus</strong></span> <span class='ocrx_word' id='word_1_47' title='bbox 500 2973 572 3058; x_wconf 82' lang='lat' dir='ltr'><strong>fuit,</strong></span> <span class='ocrx_word' id='word_1_48' title='bbox 603 2973 739 3057; x_wconf 77' lang='lat' dir='ltr'><strong>illasque</strong></span> <span class='ocrx_word' id='word_1_49' title='bbox 769 2973 884 3037; x_wconf 89' lang='lat' dir='ltr'><strong>diurna</strong></span> <span class='ocrx_word' id='word_1_50' title='bbox 914 2979 1135 3058; x_wconf 84' lang='lat' dir='ltr'><strong>nocturnaque</strong></span> <span class='ocrx_word' id='word_1_51' title='bbox 1166 2974 1305 3038; x_wconf 84' lang='lat' dir='ltr'><strong>versavit</strong></span> 
     </span>
     <span class='ocr_line' id='line_1_8' title="bbox 189 3086 1303 3172; baseline -0.001 -21"><span class='ocrx_word' id='word_1_52' title='bbox 189 3108 295 3167; x_wconf 76' lang='lat' dir='ltr'><strong>manu,</strong></span> <span class='ocrx_word' id='word_1_53' title='bbox 329 3087 454 3152; x_wconf 85' lang='lat' dir='ltr'><strong>Horatii</strong></span> <span class='ocrx_word' id='word_1_54' title='bbox 484 3089 624 3151; x_wconf 86' lang='lat' dir='ltr'><strong>earmina</strong></span> <span class='ocrx_word' id='word_1_55' title='bbox 654 3086 761 3151; x_wconf 88' lang='lat' dir='ltr'><strong>obiter·</strong></span> <span class='ocrx_word' id='word_1_56' title='bbox 784 3087 1005 3152; x_wconf 87' lang='lat' dir='ltr'><strong>tantummodo</strong></span> <span class='ocrx_word' id='word_1_57' title='bbox 1037 3092 1069 3153; x_wconf 91' lang='lat' dir='ltr'><strong>et</strong></span> <span class='ocrx_word' id='word_1_58' title='bbox 1093 3090 1209 3172; x_wconf 85' lang='lat' dir='ltr'><strong>raptim</strong></span> <span class='ocrx_word' id='word_1_59' title='bbox 1233 3106 1303 3172; x_wconf 88' lang='lat' dir='ltr'><strong>per·</strong></span> 
     </span>
     <span class='ocr_line' id='line_1_9' title="bbox 189 3199 1304 3286; baseline 0.002 -23"><span class='ocrx_word' id='word_1_60' title='bbox 189 3199 272 3286; x_wconf 84' lang='lat' dir='ltr'><strong>legit.</strong></span> <span class='ocrx_word' id='word_1_61' title='bbox 307 3200 498 3265; x_wconf 86' lang='lat' dir='ltr'><strong>Imitationis</strong></span> <span class='ocrx_word' id='word_1_62' title='bbox 531 3200 726 3265; x_wconf 85' lang='lat' dir='ltr'><strong>Horatianae</strong></span> <span class='ocrx_word' id='word_1_63' title='bbox 760 3203 817 3264; x_wconf 86' lang='lat' dir='ltr'><strong>vix</strong></span> <span class='ocrx_word' id='word_1_64' title='bbox 852 3201 915 3265; x_wconf 89' lang='lat' dir='ltr'><strong>duo</strong></span> <span class='ocrx_word' id='word_1_65' title='bbox 951 3201 1036 3285; x_wconf 88' lang='lat' dir='ltr'><strong>apud</strong></span> <span class='ocrx_word' id='word_1_66' title='bbox 1070 3219 1144 3265; x_wconf 88' lang='lat' dir='ltr'><strong>eum</strong></span> <span class='ocrx_word' id='word_1_67' title='bbox 1176 3205 1304 3265; x_wconf 84' lang='lat' dir='ltr'><strong>exstant</strong></span> 
     </span>
     <span class='ocr_line' id='line_1_10' title="bbox 191 3313 1303 3398; baseline 0 -20"><span class='ocrx_word' id='word_1_68' title='bbox 191 3314 335 3398; x_wconf 86' lang='lat' dir='ltr'><strong>exempla</strong></span> <span class='ocrx_word' id='word_1_69' title='bbox 357 3334 460 3398; x_wconf 89' lang='lat' dir='ltr'><strong>eaque</strong></span> <span class='ocrx_word' id='word_1_70' title='bbox 483 3315 655 3379; x_wconf 84' lang='lat' dir='ltr'><strong>admodum</strong></span> <span class='ocrx_word' id='word_1_71' title='bbox 674 3316 802 3378; x_wconf 87' lang='lat' dir='ltr'><strong>incerta.</strong></span> <span class='ocrx_word' id='word_1_72' title='bbox 821 3313 934 3398; x_wconf 87' lang='lat' dir='ltr'><strong>Itaque</strong></span> <span class='ocrx_word' id='word_1_73' title='bbox 953 3316 1010 3398; x_wconf 90' lang='lat' dir='ltr'><strong>qui</strong></span> <span class='ocrx_word' id='word_1_74' title='bbox 1020 3313 1210 3398; x_wconf 85' lang='lat' dir='ltr'><strong>plerumque</strong></span> <span class='ocrx_word' id='word_1_75' title='bbox 1221 3314 1303 3378; x_wconf 87' lang='lat' dir='ltr'><strong>lenis</strong></span> 
     </span>
     <span class='ocr_line' id='line_1_11' title="bbox 189 3426 1304 3511; baseline -0.002 -19"><span class='ocrx_word' id='word_1_76' title='bbox 189 3427 285 3493; x_wconf 85' lang='lat' dir='ltr'><strong>fuerit</strong></span> <span class='ocrx_word' id='word_1_77' title='bbox 308 3447 421 3492; x_wconf 86' lang='lat' dir='ltr'><strong>oensor</strong></span> <span class='ocrx_word' id='word_1_78' title='bbox 444 3432 475 3492; x_wconf 92' lang='lat' dir='ltr'><strong>et</strong></span> <span class='ocrx_word' id='word_1_79' title='bbox 498 3427 645 3493; x_wconf 80' lang='lat' dir='ltr'>lubenter</span> <span class='ocrx_word' id='word_1_80' title='bbox 666 3427 802 3492; x_wconf 84' lang='lat' dir='ltr'><strong>laudarit</strong></span> <span class='ocrx_word' id='word_1_81' title='bbox 825 3429 852 3492; x_wconf 88' lang='lat' dir='ltr'><strong>si</strong></span> <span class='ocrx_word' id='word_1_82' title='bbox 877 3426 955 3511; x_wconf 91' lang='lat' dir='ltr'><strong>quid</strong></span> <span class='ocrx_word' id='word_1_83' title='bbox 978 3426 1101 3491; x_wconf 84' lang='lat' dir='ltr'><strong>laudari</strong></span> <span class='ocrx_word' id='word_1_84' title='bbox 1125 3431 1241 3510; x_wconf 84' lang='lat' dir='ltr'><strong>posset,</strong></span> <span class='ocrx_word' id='word_1_85' title='bbox 1265 3426 1304 3490; x_wconf 93' lang='lat' dir='ltr'><strong>de</strong></span> 
     </span>
     <span class='ocr_line' id='line_1_12' title="bbox 189 3540 1305 3626; baseline 0.001 -22"><span class='ocrx_word' id='word_1_86' title='bbox 189 3540 322 3605; x_wconf 86' lang='lat' dir='ltr'><strong>Horatio</strong></span> <span class='ocrx_word' id='word_1_87' title='bbox 356 3543 441 3606; x_wconf 85' lang='lat' dir='ltr'><strong>iusto</strong></span> <span class='ocrx_word' id='word_1_88' title='bbox 476 3543 619 3606; x_wconf 84' lang='lat' dir='ltr'><strong>severius</strong></span> <span class='ocrx_word' id='word_1_89' title='bbox 652 3542 888 3626; x_wconf 86' lang='lat' dir='ltr'><strong>pronuntiavit:</strong></span> <span class='ocrx_word' id='word_1_90' title='bbox 919 3545 1029 3625; x_wconf 75' lang='lat' dir='ltr'><strong>potitae</strong></span> <span class='ocrx_word' id='word_1_91' title='bbox 1061 3542 1146 3605; x_wconf 89' lang='lat' dir='ltr'><strong>enim</strong></span> <span class='ocrx_word' id='word_1_92' title='bbox 1176 3541 1305 3605; x_wconf 90' lang='lat' dir='ltr'><strong>nomine</strong></span> 
     </span>
     <span class='ocr_line' id='line_1_13' title="bbox 190 3653 1303 3741; baseline 0.002 -23"><span class='ocrx_word' id='word_1_93' title='bbox 190 3654 361 3720; x_wconf 84' lang='lat' dir='ltr'><strong>Horatium</strong></span> <span class='ocrx_word' id='word_1_94' title='bbox 395 3675 526 3740; x_wconf 85' lang='lat' dir='ltr'><strong>prorsus</strong></span> <span class='ocrx_word' id='word_1_95' title='bbox 560 3656 728 3741; x_wconf 86' lang='lat' dir='ltr'><strong>indignum</strong></span> <span class='ocrx_word' id='word_1_96' title='bbox 764 3675 834 3721; x_wconf 84' lang='lat' dir='ltr'><strong>esse</strong></span> <span class='ocrx_word' id='word_1_97' title='bbox 868 3657 1000 3720; x_wconf 83' lang='lat' dir='ltr'><strong>censuit.</strong></span> <span class='ocrx_word' id='word_1_98' title='bbox 1032 3653 1125 3731; x_wconf 80' lang='lat' dir='ltr'><strong>Quod</strong></span> <span class='ocrx_word' id='word_1_99' title='bbox 1155 3657 1183 3720; x_wconf 85' lang='lat' dir='ltr'><strong>si</strong></span> <span class='ocrx_word' id='word_1_100' title='bbox 1212 3656 1303 3720; x_wconf 89' lang='lat' dir='ltr'><strong>illum</strong></span> 
     </span>
     <span class='ocr_line' id='line_1_14' title="bbox 189 3769 1305 3854; baseline 0.001 -21"><span class='ocrx_word' id='word_1_101' title='bbox 189 3769 409 3833; x_wconf 89' lang='lat' dir='ltr'><strong>tantummodo</strong></span> <span class='ocrx_word' id='word_1_102' title='bbox 443 3788 553 3834; x_wconf 86' lang='lat' dir='ltr'><strong>revera</strong></span> <span class='ocrx_word' id='word_1_103' title='bbox 588 3775 712 3854; x_wconf 73' lang='lat' dir='ltr'><strong>poetam</strong></span> <span class='ocrx_word' id='word_1_104' title='bbox 748 3789 818 3835; x_wconf 87' lang='lat' dir='ltr'><strong>esse</strong></span> <span class='ocrx_word' id='word_1_105' title='bbox 847 3770 948 3834; x_wconf 85' lang='lat' dir='ltr'><strong>credis</strong></span> <span class='ocrx_word' id='word_1_106' title='bbox 980 3771 1032 3833; x_wconf 87' lang='lat' dir='ltr'><strong>eui</strong></span> <span class='ocrx_word' id='word_1_107' title='bbox 1062 3775 1174 3853; x_wconf 88' lang='lat' dir='ltr'><strong>peetus</strong></span> <span class='ocrx_word' id='word_1_108' title='bbox 1197 3770 1305 3835; x_wconf 86' lang='lat' dir='ltr'><strong>ardeat</strong></span> 
     </span>
     <span class='ocr_line' id='line_1_15' title="bbox 187 3881 1303 3967; baseline 0.001 -21"><span class='ocrx_word' id='word_1_109' title='bbox 187 3881 380 3967; x_wconf 85' lang='lat' dir='ltr'><strong>ferveatque,</strong></span> <span class='ocrx_word' id='word_1_110' title='bbox 403 3882 536 3947; x_wconf 81' lang='lat' dir='ltr'><strong>Goethei</strong></span> <span class='ocrx_word' id='word_1_111' title='bbox 558 3883 677 3947; x_wconf 86' lang='lat' dir='ltr'><strong>iudicio</strong></span> <span class='ocrx_word' id='word_1_112' title='bbox 700 3881 758 3946; x_wconf 91' lang='lat' dir='ltr'><strong>tibi</strong></span> <span class='ocrx_word' id='word_1_113' title='bbox 778 3888 825 3947; x_wconf 90' lang='lat' dir='ltr'><strong>est</strong></span> <span class='ocrx_word' id='word_1_114' title='bbox 845 3881 1120 3947; x_wconf 84' lang='lat' dir='ltr'><strong>subscribendum.</strong></span> <span class='ocrx_word' id='word_1_115' title='bbox 1132 3882 1204 3947; x_wconf 90' lang='lat' dir='ltr'><strong>Non</strong></span> <span class='ocrx_word' id='word_1_116' title='bbox 1218 3884 1303 3954; x_wconf 89' lang='lat' dir='ltr'><strong>enim</strong></span> 
     </span>
     <span class='ocr_line' id='line_1_16' title="bbox 189 3992 1305 4081; baseline 0.003 -23"><span class='ocrx_word' id='word_1_117' title='bbox 189 3992 278 4068; x_wconf 75' lang='grc' dir='ltr'><strong>ἔνθεος</strong></span> <span class='ocrx_word' id='word_1_118' title='bbox 311 4004 359 4062; x_wconf 85' lang='lat' dir='ltr'><strong>est</strong></span> <span class='ocrx_word' id='word_1_119' title='bbox 388 3996 560 4076; x_wconf 76' lang='lat' dir='ltr'><strong>Horatius3</strong></span> <span class='ocrx_word' id='word_1_120' title='bbox 592 3996 716 4081; x_wconf 83' lang='lat' dir='ltr'><strong>placida</strong></span> <span class='ocrx_word' id='word_1_121' title='bbox 748 3998 778 4061; x_wconf 94' lang='lat' dir='ltr'><strong>ei</strong></span> <span class='ocrx_word' id='word_1_122' title='bbox 813 4015 902 4060; x_wconf 83' lang='lat' dir='ltr'><strong>mens</strong></span> <span class='ocrx_word' id='word_1_123' title='bbox 933 4002 1046 4080; x_wconf 87' lang='lat' dir='ltr'><strong>estet,</strong></span> <span class='ocrx_word' id='word_1_124' title='bbox 1070 3998 1305 4080; x_wconf 86' lang='lat' dir='ltr'><strong>utitadioam,</strong></span> 
     </span>
     <span class='ocr_line' id='line_1_17' title="bbox 188 4108 1305 4195; baseline 0 -21"><span class='ocrx_word' id='word_1_125' title='bbox 188 4111 311 4195; x_wconf 86' lang='lat' dir='ltr'><strong>tepida;</strong></span> <span class='ocrx_word' id='word_1_126' title='bbox 336 4110 480 4175; x_wconf 84' lang='lat' dir='ltr'><strong>flammas</strong></span> <span class='ocrx_word' id='word_1_127' title='bbox 504 4111 660 4194; x_wconf 84' lang='lat' dir='ltr'><strong>ignesque</strong></span> <span class='ocrx_word' id='word_1_128' title='bbox 682 4128 849 4193; x_wconf 88' lang='lat' dir='ltr'><strong>nunquam</strong></span> <span class='ocrx_word' id='word_1_129' title='bbox 872 4111 980 4173; x_wconf 85' lang='lat' dir='ltr'><strong>sensit.</strong></span> <span class='ocrx_word' id='word_1_130' title='bbox 1003 4108 1075 4173; x_wconf 88' lang='lat' dir='ltr'><strong>Hoo</strong></span> <span class='ocrx_word' id='word_1_131' title='bbox 1098 4116 1146 4175; x_wconf 85' lang='lat' dir='ltr'><strong>est</strong></span> <span class='ocrx_word' id='word_1_132' title='bbox 1168 4129 1305 4174; x_wconf 84' lang='lat' dir='ltr'><strong>ouroar·</strong></span> 
     </span>
     <span class='ocr_line' id='line_1_18' title="bbox 190 4221 1304 4309; baseline 0 -20"><span class='ocrx_word' id='word_1_133' title='bbox 190 4225 278 4289; x_wconf 91' lang='lat' dir='ltr'><strong>mina</strong></span> <span class='ocrx_word' id='word_1_134' title='bbox 312 4225 382 4289; x_wconf 83' lang='lat' dir='ltr'><strong>eius</strong></span> <span class='ocrx_word' id='word_1_135' title='bbox 414 4224 566 4289; x_wconf 87' lang='lat' dir='ltr'><strong>amatoria</strong></span> <span class='ocrx_word' id='word_1_136' title='bbox 596 4222 690 4288; x_wconf 85' lang='lat' dir='ltr'><strong>nobis</strong></span> <span class='ocrx_word' id='word_1_137' title='bbox 718 4228 781 4287; x_wconf 81' lang='lat' dir='ltr'><strong>tam</strong></span> <span class='ocrx_word' id='word_1_138' title='bbox 813 4221 964 4309; x_wconf 85' lang='lat' dir='ltr'><strong>languida</strong></span> <span class='ocrx_word' id='word_1_139' title='bbox 987 4222 1172 4288; x_wconf 83' lang='lat' dir='ltr'><strong>videantur:</strong></span> <span class='ocrx_word' id='word_1_140' title='bbox 1197 4223 1304 4289; x_wconf 81' lang='lat' dir='ltr'><strong>lentus</strong></span> 
     </span>
    </p>
   </div>
   <div class='ocr_carea' id='block_1_3' title="bbox 0 0 1486 5130">
    <p class='ocr_par' dir='ltr' id='par_1_3' title="bbox 0 0 1486 5130">
     <span class='ocr_line' id='line_1_19' title="bbox 0 0 1486 5130; baseline 0 0"><span class='ocrx_word' id='word_1_141' title='bbox 0 0 1486 5130; x_wconf 95' lang='lat' dir='ltr'><strong> </strong></span> 
     </span>
    </p>
   </div>
  </div>
 </body>
</html>
