2954 5130
768 528 808 591 92

272 708 352 774 Eam
382 716 489 775 autem
517 713 705 777 seutentiam
730 713 787 776 vix
810 712 881 778 aliis
903 713 1046 797 potuisse
1069 714 1231 778 enuntiari
1254 733 1347 779 voca·

229 822 313 888 bulis
337 824 683 907 prudenter-admonet
705 825 866 890 Hertzius

272 935 311 1000 In
334 935 447 1002 Nuce
471 936 766 1022 pseudo-Ouidiana
790 957 836 1002 vs
861 938 902 1002 87
926 939 1005 1003 haec
1027 938 1195 1023 leguntur:

363 1111 455 1177 Felix
479 1117 601 1177 secreto
625 1132 708 1198 quae
732 1118 837 1179 natast
859 1113 953 1178 arbor
974 1115 1007 1178 in
1032 1134 1108 1199 agro

406 1224 448 1290 Et
472 1225 530 1290 soli
555 1225 685 1315 domino
707 1226 790 1292 ferre
814 1227 933 1292 tributa
955 1232 1072 1312 potest.

363 1337 435 1402 Non
460 1340 626 1403 hominum
650 1342 802 1424 strepitus
826 1341 924 1424 audit,
950 1361 1013 1405 non
1038 1341 1093 1406 illa
1117 1346 1269 1424 rotarum,

407 1451 480 1517 Non
503 1473 522 1518 a
545 1455 650 1519 vicina
673 1455 897 1539 pulverulenta
923 1457 1015 1520 viast.

231 1639 364 1726 Sumpta
388 1640 465 1705 haec
489 1659 559 1706 esse
581 1659 623 1706 ex
645 1641 778 1706 Horatio
806 1640 917 1726 (Epist.
942 1640 967 1724 1,
993 1641 1044 1725 17,
1070 1641 1098 1725 7,
1122 1644 1200 1726 sq.):

540 1802 574 1868 Si
597 1808 629 1869 ta
651 1804 758 1888 pulvis
781 1805 998 1889 strepitusque
1020 1811 1162 1870 rotarum

365 1916 399 1982 Si
421 1918 519 1982 laedit
542 1936 695 2003 caupona,

231 2105 342 2171 multis
366 2106 443 2170 viris
467 2105 568 2171 doctis
591 2106 749 2190 videntur,
772 2106 903 2170 Hertaio
922 2105 1349 2170 minimeVerissimeenim

231 2218 285 2284 ille
321 2218 468 2284 observat
500 2239 566 2284 rem
600 2221 702 2303 ipsam
738 2239 808 2285 esse
843 2219 1121 2304 simplicissimam,
1156 2218 1253 2283 verba
1283 2238 1348 2282 non

230 2351 361 2417 prorsus
395 2333 520 2413 eadem3
556 2340 715 2418 postremo
750 2335 784 2397 in
815 2338 880 2398 toto
911 2335 1061 2418 carmine,
1093 2332 1179 2417 quod
1213 2333 1276 2396 182
1301 2336 1350 2397 est
1465 2391 1468 2397 ,

233 2465 395 2529 versuum,
431 2447 557 2512 nullum
587 2452 748 2532 praeterea
778 2449 917 2513 inveniri
946 2446 1139 2512 Horatianus
1162 2447 1349 2511 imitationis

233 2563 373 2646 signum.

276 2674 392 2739 Postea
433 2679 540 2739 tamen
581 2675 665 2739 idem
707 2675 860 2741 Hertzius
901 2680 1063 2761 tamquam
1098 2695 1140 2740 ex
1173 2675 1349 2740 Horatiano

234 2787 301 2872 (IV,
327 2788 377 2872 13,
401 2790 450 2870 2):

611 2902 669 2967 Vis
690 2901 830 2967 formosa
852 2903 953 2967 videri

234 3094 398 3175 sumptum
423 3090 509 3154 hunc
531 3089 620 3155 affert
641 3089 743 3155 Nucis
771 3108 918 3156 versum:

367 3263 463 3330 Nunc
485 3269 612 3329 uterum
635 3266 726 3330 vitiat
750 3284 832 3350 qnae
855 3264 1085 3330 vult-formosa
1106 3266 1215 3331 videri.

236 3438 308 3515 Qua
328 3441 363 3503 in
385 3458 420 3504 re
443 3440 561 3523 egregii
585 3440 646 3504 viri
670 3441 767 3504 miror
789 3439 1044 3504 inconstantiam.

279 3552 307 3616 E
337 3552 524 3618 Phaedro
553 3572 647 3638 saepe
677 3558 839 3637 tamquam
861 3551 1055 3617 Horatianus
1078 3553 1225 3638 exempla
1247 3554 1351 3618 imita·

234 3667 331 3732 tionis
361 3667 438 3732 haec
462 3668 654 3732 afferuntur:
682 3667 796 3750 „Naris
819 3672 987 3732 emunctae
1010 3665 1132 3732 senex''
1156 3668 1253 3750 (quod
1278 3687 1353 3732 oon-

121 3784 127 3795 “
234 3781 335 3846 fertur
359 3801 432 3845 oum
456 3781 533 3846 Hor.
557 3781 621 3847 Sat.
643 3781 669 3865 Ι,
691 3783 722 3866 4,
748 3783 785 3846 8:
814 3781 1009 3864 „Emunctae
1032 3783 1129 3865 narie,
1152 3782 1253 3846 durus
1266 3802 1352 3846 com-

235 3913 353 3980 ponere
375 3895 538 3978 versus'');
566 3896 678 3977 „dulce
701 3894 850 3960 lucrnm'’
873 3896 971 3980 (qnod
995 3895 1157 3960 confertur
1180 3916 1253 3960 cum
1273 3895 1352 3961 Hor.

236 4009 335 4095 Epist.
358 4010 384 4093 I,
409 4011 458 4089 18,
483 4011 545 4075 102
573 4010 704 4093 „Honos
723 4031 764 4076 an
784 4011 878 4076 dulce
896 4009 1101 4093 lucellum'’);
1121 4011 1269 4076 sedillud
1282 4030 1353 4078 esse

236 4145 278 4190 ex
301 4143 447 4190 sermone
474 4126 669 4210 quotidiano,
692 4126 752 4189 hoo
776 4126 918 4190 omnium
942 4124 1007 4190 fere
1030 4127 1220 4210 scriptorum
1244 4130 1350 4210 poeta-

235 4256 372 4322 rumque
401 4237 597 4323 Latinorum,
628 4258 735 4324 neque
757 4239 830 4324 plus
854 4238 980 4304 dnobus
1003 4240 1090 4304 hisce
1114 4257 1184 4304 esse
1206 4238 1349 4305 tribuen-
