2954 5130
709 519 770 582 187

178 706 211 765 et
233 700 319 784 apud
344 699 495 767 Ovidium
518 703 601 785 (Am.
626 703 669 788 II,
694 705 745 789 13,
770 705 822 786 19)
847 705 1036 771 desudem:

310 839 423 923 Tuque
445 839 624 908 laborantes
648 847 738 908 utero
762 844 910 909 miserata
932 842 1066 928 puellas.

224 977 286 1043 Sed
320 981 471 1062 quoniam
503 978 639 1046 Ovidius
668 981 795 1066 longam
826 987 993 1048 enumerat
1015 982 1147 1048 dearum
1171 985 1296 1068 seriem,

179 1112 261 1176 quas
295 1110 405 1156 omnes
438 1092 586 1177 implorat
616 1099 653 1159 ut
676 1096 866 1179 parturienti
891 1094 1048 1161 Corinnae
1071 1114 1164 1180 opem
1185 1096 1296 1180 ferant,

178 1225 285 1290 neque
306 1204 442 1271 Dianam
466 1207 593 1272 silentio
616 1210 786 1294 praeterire
805 1214 917 1295 potest,
936 1229 1042 1294 nequo
1061 1210 1151 1275 aliud
1162 1211 1233 1275 eius
1245 1211 1297 1275 hio

178 1339 427 1385 commemorare
450 1341 570 1387 munus
594 1341 691 1406 qnam
714 1322 795 1387 illud
821 1329 932 1406 „utero
951 1322 1132 1390 laborantes
1151 1323 1296 1409 puellas”

177 1434 320 1498 iuvandi.

221 1547 329 1612 Vitam
353 1549 508 1613 rusticam
531 1548 640 1615 laudat
662 1548 818 1615 Horatius
841 1548 1046 1616 celeberrimo
1068 1549 1180 1636 Hpodo
1203 1551 1245 1635 Π,
1265 1556 1297 1617 et

179 1661 316 1728 Ovidius
338 1663 373 1726 in
395 1662 484 1729 Rem.
503 1663 575 1728 Am.
598 1663 661 1728 169
678 1684 746 1749 sqq.
761 1662 869 1728 Ovidii
882 1683 995 1730 versus
1007 1664 1172 1750 Zingerlso
1185 1684 1294 1730 ansam

177 1776 331 1862 praebent
353 1777 430 1841 haec
452 1776 698 1861 pronuntiandi:

225 1890 420 1973 „Jedenfalls
450 1890 556 1956 diirfte
585 1891 654 1956 hier
675 1893 747 1956 eine
770 1892 905 1975 gewisse
928 1891 1115 1978 Beziehung
1138 1891 1196 1957 auf
1216 1891 1293 1958 Hor.

177 2005 277 2090 Hpod.
300 2005 334 2068 H
356 2005 488 2071 leiohter
510 2005 754 2070 neohzuweison
778 2007 846 2070 sein
868 2006 915 2071 als
934 2007 1094 2071 zwisohen
1106 2006 1183 2071 Hor.
1195 2005 1295 2092 Epod.

177 2118 247 2184 und
281 2119 337 2184 der
371 2119 452 2183 dazu
486 2119 686 2204 gewbhnlieh
720 2119 847 2184 eitirten
877 2118 975 2186 Stelle
1004 2119 1093 2205 Virg.
1118 2119 1231 2206 Georg.
1253 2121 1298 2205 Π,

177 2233 243 2297 493
267 2232 357 2318 sqq.”
832 2308 836 2315 ,

222 2346 285 2412 Sed
308 2348 460 2432 quoniam
482 2349 551 2432 ipse
571 2346 756 2431 Zingerleus
768 2351 833 2412 tam
846 2346 1030 2412 dubitanter
1041 2348 1080 2412 de
1091 2349 1131 2414 iis
1144 2349 1296 2433 loquitur,

176 2462 236 2526 hos
260 2461 389 2545 quidem
412 2460 499 2525 looos
524 2462 639 2526 missos
660 2460 765 2525 faeere
783 2457 966 2545 possumus,
987 2480 1088 2546 quum
1100 2465 1297 2547 praesertim,

177 2575 265 2659 quod
298 2593 396 2659 supra
430 2575 647 2641 demonstrare
682 2579 816 2640 conatus
840 2594 922 2657 sum,
945 2574 1074 2660 Hpodoa
1097 2574 1294 2642 Horatianus

177 2689 300 2755 Satires
322 2689 424 2754 multo
447 2691 489 2754 sit
511 2689 646 2754 similior
669 2708 766 2773 quam
788 2687 924 2774 Elegiae.

224 2801 312 2888 „Ego
336 2822 387 2867 me
409 2822 517 2869 senem
537 2801 657 2867 tanturn
677 2803 816 2867 molliter
828 2805 990 2868 victurum
1006 2802 1295 2889 exspectaveram.'’

177 2915 249 2981 Hoo
278 2923 504 3002 argumentum
526 2922 575 2982 est
597 2917 718 3002 elegiae
742 2917 762 2980 8
786 2917 859 2982 libri
882 2917 930 2981 IV
954 2918 1114 2983 Tristium.
1138 2918 1295 2985 Versibus

178 3035 286 3096 autem
313 3032 352 3094 17
373 3051 443 3116 sqq.
463 3051 566 3116 aequa
577 3050 612 3096 ae
625 3037 826 3116 exspectasse
837 3036 930 3116 poeta
942 3032 1139 3098 demonstrat
1150 3034 1296 3119 exemplo

177 3146 279 3227 naris,
303 3165 385 3229 quae
409 3147 488 3210 mari
512 3151 662 3230 quassata
684 3147 719 3210 in
742 3146 856 3212 navale
879 3145 1018 3229 ducitur,
1042 3147 1126 3231 equi,
1149 3148 1207 3230 qui
1230 3167 1296 3212 cor-

176 3259 352 3324 taminibus
385 3263 448 3325 iarn
482 3261 586 3345 impar
608 3262 731 3325 otiosus
752 3261 903 3344 pasoitur,
929 3259 1049 3342 militis,
1074 3262 1129 3344 qui
1154 3262 1293 3326 emeritis

178 3374 345 3457 stipendiis
371 3393 459 3439 arma
482 3373 656 3458 suspendit,
680 3378 848 3457 totumque
870 3373 958 3437 huuc
981 3372 1088 3437 locum
1113 3373 1210 3458 vulgo
1234 3375 1296 3438 viri

178 3488 263 3552 dooti
296 3507 353 3572 pro
387 3492 472 3552 oerto
507 3492 654 3552 statuunt
688 3505 730 3552 ex
761 3485 887 3550 Horatii
918 3485 1052 3570 epistola
1075 3487 1178 3570 prima
1200 3489 1295 3571 primi

178 3601 254 3666 libri
281 3606 445 3686 sumptum
477 3618 554 3666 esse.
576 3599 665 3663 Cur?
690 3598 773 3676 Quia
797 3605 827 3664 et
850 3601 918 3664 illio
940 3599 980 3664 de
1003 3604 1187 3666 senescente
1211 3620 1294 3685 equo

179 3734 282 3780 sermo
305 3720 353 3779 ost
373 3715 476 3798 deque
499 3715 595 3778 armis
619 3713 659 3777 ad
678 3713 834 3798 templum
854 3715 1029 3798 suspensis,
1041 3714 1097 3778 sed
1109 3717 1294 3798 praesertim

182 3830 257 3913 quia
280 3829 365 3913 apud
388 3825 539 3891 Ovidium
562 3828 696 3912 legitur:

282 3957 295 3984 ⁰
357 3966 410 4032 Me
433 3985 563 4052 quoque
586 3966 698 4030 donari
720 3966 784 4029 iam
804 3964 883 4029 rude
906 3969 1033 4049 tempus
1055 3971 1123 4031 erat

180 4107 223 4172 Et
244 4106 331 4192 apud
354 4104 523 4170 Horatium

488 4231 649 4297 Donatum
672 4235 736 4297 iarn
760 4233 840 4299 rude
864 4233 999 4318 quaeris
