2954 5130
737 517 756 584 'i

239 705 266 788 I,
289 704 340 769 24.
365 704 538 790 Egregium
563 708 623 771 erit
645 709 795 772 carminis
817 708 995 789 exordium,
1013 708 1166 791 gravique
1178 707 1309 771 crimine

190 817 376 883 liberabitur
399 824 500 903 poeta,
525 821 554 885 si
578 821 681 904 prima
703 822 833 905 stropha

412 990 492 1069 Quis
515 993 671 1058 desiderio
695 995 737 1058 sit
759 993 864 1078 pudor
886 1000 942 1059 aut
963 995 1077 1059 modus

411 1106 487 1170 Tam
510 1109 576 1171 cari
600 1107 736 1192 eapitis?
760 1108 910 1194 Praecipo
931 1108 1084 1194 lugubres

412 1219 541 1304 Cantus,
564 1221 772 1306 Melpomene,
794 1225 849 1287 cui
872 1223 1026 1307 liquidam
1049 1221 1145 1288 Pater

502 1335 621 1401 Vocem
649 1355 723 1400 cum
746 1336 868 1400 cithara
890 1336 977 1400 dedit

193 1507 365 1589 delebitur;
400 1508 581 1574 deotissime
614 1510 698 1573 enim
737 1509 976 1594 Peerlkampius
1012 1507 1239 1574 demonstrarit
1272 1510 1305 1572 in

193 1635 308 1705 magno
331 1621 439 1686 dolore
460 1640 556 1707 ergo
578 1623 706 1686 initium
730 1640 823 1706 saepe
847 1640 917 1687 esse
940 1623 1107 1702 orationis3
1128 1634 1233 1706 neque
1253 1641 1307 1686 ne

94 1779 97 1784 «
192 1735 262 1819 gari
283 1739 387 1818 potest
419 1740 541 1819 podiam
576 1737 637 1800 isto
675 1737 873 1820 praecipe
911 1734 1116 1820 lugubres
1157 1739 1307 1800 cautus

193 1846 451 1932 Melpomene
480 1849 581 1913 mults
604 1848 733 1933 quidem
753 1854 784 1913 et
804 1848 972 1933 magnifica
990 1848 1131 1932 polliceri
1150 1848 1207 1913 sed
1227 1849 1308 1912 nihil

191 1961 273 2027 ferre
295 1962 382 2045 quod
404 1968 492 2028 tanto
516 1964 557 2028 sit
581 1963 714 2048 dignum
737 1964 836 2028 hiatu.

236 2075 262 2159 Ι,
287 2076 337 2140 31.
367 2074 475 2142 Huius
505 2078 533 2142 si
564 2078 715 2142 carminis
747 2078 918 2141 retinueris
950 2076 1096 2160 strophas
1119 2077 1254 2160 primam
1278 2060 1314 2140 ot

194 2190 365 2255 secundam
400 2194 431 2253 ct
464 2190 621 2272 ultimam,
656 2195 760 2254 cetera
791 2209 864 2253 cum
895 2188 1115 2273 Peerlkampio
1148 2187 1309 2271 obieceris,

194 2303 281 2388 quod
314 2302 444 2368 restabit
477 2303 621 2388 lepidum
654 2305 714 2369 erit
748 2308 779 2368 et
811 2303 959 2368 facetum.
994 2301 1033 2366 In
1065 2303 1202 2388 strophis
1226 2323 1308 2388 quas

196 2417 437 2502 Peerlkampius
465 2418 629 2483 damnarit
652 2418 752 2481 multa
775 2436 845 2482 csse
867 2419 984 2501 inepta,
1002 2417 1134 2499 insulsa,
1152 2417 1309 2484 inutiliter

197 2518 340 2617 repetita¹
359 2532 432 2616 quis
463 2531 681 2616 Peerlkamplo
710 2549 775 2594 non
807 2530 982 2596 concedat?
1014 2529 1094 2608 Quis
1115 2532 1210 2614 enim,
1233 2536 1270 2596 ut
1291 2551 1311 2598 e

196 2646 306 2711 multis
329 2664 430 2710 unum
455 2644 592 2727 afferam,
614 2663 679 2708 non
702 2642 837 2709 libenter
856 2649 960 2708 careat
982 2645 1044 2709 isto

506 2820 664 2886 Mercator
685 2821 827 2885 exsiccet
851 2820 981 2886 oulullis

550 2934 636 2998 Vina
657 2933 738 3017 Syra
760 2939 905 3017 reparata
928 2934 1058 2999 merce?

241 3111 356 3178 Nonne
387 3111 468 3177 bene
497 3110 621 3176 Horatii
653 3109 755 3174 famae
779 3109 983 3174 consuluisse
1007 3109 1162 3174 dicendus
1185 3115 1233 3175 est
1256 3106 1312 3194 qui

199 3231 302 3291 totum
321 3224 455 3290 Carmen
477 3225 520 3308 M,
542 3226 582 3289 15
605 3229 769 3307 tamquam
792 3223 847 3286 illo
870 3223 1039 3307 indignum
1064 3223 1215 3288 eiecerit?
1228 3220 1313 3300 Quid

200 3342 285 3406 enim
305 3341 445 3425 ineptius
464 3339 595 3423 rogitari
613 3342 716 3423 potest
729 3352 825 3420 quom
838 3335 967 3400 Romuli
979 3334 1172 3420 Catonisque
1183 3338 1314 3401 nomina

201 3456 248 3520 sic
268 3454 353 3519 inter
375 3472 409 3519 so
430 3455 549 3534 iuncta,
573 3451 662 3515 nullo
687 3450 749 3515 alio
772 3451 937 3515 interiecto
962 3468 1028 3534 quo
1047 3451 1161 3534 ingens
1181 3449 1313 3514 chrono-

201 3569 304 3653 logiae
325 3567 440 3632 lacuna
461 3565 552 3631 velut
574 3565 764 3649 expleatur?
787 3563 838 3627 Ad
862 3563 1024 3647 stropham
1048 3563 1193 3627 ultimam

422 3727 490 3794 Neo
512 3727 679 3792 fortuitum
704 3744 853 3811 spernere
876 3727 1026 3820 cespitem

422 3840 523 3926 Leges
546 3839 702 3923 sinebant,
726 3839 842 3925 oppida
864 3838 991 3924 publico

468 3953 604 4038 Sumpta
629 3952 775 4019 iubentes
799 3958 830 4017 et
853 3953 984 4016 deorum

513 4067 641 4152 Templa
663 4085 747 4131 noro
771 4066 918 4131 decorare
942 4084 1029 4130 saxo.

204 4233 277 4318 quis
298 4243 365 4297 non
375 4229 630 4315 Peerlkampium
643 4235 674 4295 et
686 4230 747 4294 slis
760 4232 845 4294 recte
857 4231 1028 4294 annotasse
1040 4234 1167 4294 osnseat
1178 4231 1210 4293 ot
1220 4199 1314 4294 baert
