2954 5130
717 530 759 594 65

179 724 270 786 extra
292 719 374 784 fines
397 719 426 784 ei
448 719 569 803 positos
592 716 748 802 vagatur’'
773 717 834 780 viri
857 717 942 782 docti
961 717 1060 781 aiunt
1084 714 1187 798 „Quia
1198 720 1297 782 metro

178 831 406 899 conveniebat”
438 830 610 897 dicendum
639 835 716 896 erat
753 829 857 896 Oeae
885 835 1098 896 retractes
1128 849 1299 896 munera

178 949 364 1013 naeniae.
387 943 497 1026 Docte,
520 943 635 1026 hercle,
658 944 779 1009 dictum
803 944 864 1008 hoc
887 947 935 1009 est
957 944 1056 1008 etita
1078 944 1191 1008 utrix
1211 944 1298 1027 quis-

180 1080 276 1146 quam
319 1060 502 1144 aequalium
545 1057 623 1142 quid
661 1057 723 1122 sibi
757 1057 853 1123 vellet
886 1060 979 1141 polita
1014 1056 1118 1122 dicere
1151 1057 1298 1141 potuerit

178 1174 326 1241 Meliores
349 1193 461 1240 versus
482 1171 588 1237 facere
610 1179 733 1256 poterat
755 1170 1007 1255 Peerlkampius‚
1030 1171 1088 1254 qui
1111 1170 1297 1235 coniecerit:

180 1287 242 1353 Oea
272 1293 424 1353 retractes
447 1286 582 1350 vulnera
604 1285 736 1364 naenia3
761 1283 817 1348 sed
840 1302 878 1348 ea
900 1283 1084 1347 coniectura
1107 1283 1209 1366 ipsius
1231 1280 1298 1347 Ho-

179 1402 261 1483 ratii,
291 1419 356 1465 non
386 1400 506 1464 indocti
537 1397 659 1463 scribae
682 1416 821 1463 errorem
844 1397 992 1462 correxit
1015 1393 1204 1461 Dionaeo
1226 1400 1298 1481 apte

180 1533 294 1579 versus
316 1514 464 1578 lacunam
487 1511 598 1596 implet
621 1511 677 1576 sed
700 1530 775 1575 cum
799 1512 975 1575 sententiae
999 1509 1197 1575 detrimento.

223 1733 285 1801 His
319 1735 434 1801 addam
464 1734 620 1800 nonnulla
650 1734 689 1800 de
719 1734 859 1800 carmine
879 1733 1019 1818 quodam
1038 1733 1112 1798 libri
1136 1734 1242 1819 quarti
1266 1737 1298 1799 et

106 1936 109 1943 Ι
180 1851 227 1915 sic
255 1851 313 1914 toti
339 1850 435 1934 capiti
456 1850 618 1934 imponam
640 1847 747 1912 finem.
771 1846 831 1912 Est
853 1852 959 1912 autem
984 1866 1112 1913 carmen
1136 1852 1296 1933 quartum.

228 1960 382 2045 „Rhoeti”
405 1966 498 2047 polita
520 1962 564 2026 ait
590 1965 641 2043 „et
663 1959 846 2026 Vindelici'’
871 1961 934 2041 (vel
961 1960 1092 2043 „Rhaeti
1115 1959 1297 2026 Vindelici’'

180 2077 233 2143 vel
269 2075 449 2159 „Vindelici
479 2074 540 2141 sub
570 2075 710 2159 Alpibus
739 2072 911 2140 Rhaetis'’:
935 2095 1033 2159 parva
1056 2077 1140 2140 enim
1164 2077 1242 2140 vitia
1264 2076 1299 2141 iu

181 2191 240 2255 hoc
262 2179 391 2274 quidem
411 2191 551 2254 carmine
570 2209 681 2273 parum
702 2189 843 2254 curanda
863 2192 987 2271 censeo)
1003 2187 1166 2271 „Drusum
1179 2188 1298 2255 bellum

180 2309 341 2388 gerentem
377 2304 529 2368 viderunt
560 2305 688 2368 iuvenis
719 2302 844 2387 aquilae
874 2304 1017 2368 leonisve
1048 2301 1178 2368 instar”.
1209 2301 1297 2368 Haec

182 2419 313 2504 quidem
349 2420 507 2484 sententia
542 2419 711 2484 sanissima
744 2423 802 2501 est,
835 2418 891 2483 sed
919 2419 1086 2483 videamus
1116 2437 1181 2502 quo
1204 2418 1298 2482 modo

181 2535 287 2617 imago
321 2538 505 2598 exornetur.
538 2530 602 2596 Pro
633 2534 703 2616 ipso
733 2532 905 2616 aquilae
936 2533 1065 2597 nomine
1087 2535 1181 2616 poeta
1202 2531 1296 2596 dicit:

181 2648 425 2711 ministrum
447 2644 644 2710 fulminis
667 2644 830 2729 alitem,
852 2645 971 2729 quibus
990 2643 1097 2710 verbis
1116 2644 1298 2729 explicandi

180 2761 283 2845 gratia
305 2760 339 2823 hi
361 2759 527 2824 adduntur
551 2777 684 2824 versus:

403 2907 463 2972 Oui
484 2927 543 2973 rex
566 2905 708 2973 Deorum
731 2926 867 2992 regnum
889 2907 925 2970 in
948 2925 1023 2972 aves
1044 2926 1143 2990 vagas

449 3020 598 3088 Permisit
620 3024 773 3106 expertus
795 3019 922 3086 fidelem

491 3133 636 3220 Iuppiter
656 3135 691 3199 in
716 3133 900 3217 Ganymede
926 3133 1011 3200 flavo

181 3306 263 3372 quos
305 3286 545 3372 Peerlkampius
582 3306 657 3352 cum
691 3287 790 3353 altero
823 3289 986 3372 sequentis
1021 3287 1166 3371 strophae
1199 3305 1297 3352 versu

182 3401 333 3467 delendos
355 3407 464 3466 censet
486 3407 583 3486 atque
606 3402 651 3466 ita
674 3418 692 3465 e
716 3400 842 3466 duabus
865 3401 1003 3485 strophis
1027 3421 1125 3466 unam
1148 3400 1231 3464 facit.
1255 3400 1299 3464 At

182 3517 266 3581 enim
310 3535 407 3601 supra
446 3516 510 3580 iam
546 3514 834 3580 demonstravimus
868 3515 1014 3599 strophas
1051 3512 1298 3598 „explicativas”

181 3627 314 3694 Horatio
337 3647 403 3692 non
427 3628 636 3712 displicuisse.
657 3625 813 3712 Compara
831 3627 909 3691 mihi
922 3647 1035 3693 versus
1047 3647 1066 3692 a
1078 3625 1297 3710 Peerlkampio

182 3741 302 3808 deletos
324 3761 398 3806 cum
421 3741 471 3806 his
495 3760 513 3807 e
536 3740 619 3805 libro
643 3739 670 3823 Ι,
694 3741 755 3805 22;

404 3888 504 3968 Quale
526 3894 708 3974 portentum
733 3907 838 3974 neque
865 3889 1011 3955 militaris

404 4002 548 4070 Daunias
570 4003 644 4067 latis
667 4001 723 4067 alit
745 4003 915 4069 aesculetis

404 4117 472 4183 Nec
493 4116 593 4182 Iubae
615 4115 713 4181 tellus
734 4121 873 4201 generat,
904 4116 1035 4181 leonum

493 4230 595 4298 Arida
619 4230 741 4316 nutrix,
