2954 5130
699 480 763 542 198

436 666 497 732 Ille
517 669 563 731 mi
585 685 642 751 par
663 684 734 730 osse
756 665 815 730 deo
840 664 976 729 videtur.

218 855 315 922 Recte
337 856 501 921 hacteuus
526 852 610 930 Quid
633 852 802 937 sequitur?

438 1028 497 1094 Ille
519 1029 548 1094 si
569 1028 618 1092 fas
641 1033 691 1092 est
713 1045 863 1111 superare
885 1025 987 1090 diros.

220 1239 367 1305 Ridicula
399 1258 437 1304 ea
470 1244 520 1304 est
552 1236 685 1320 babaria,
715 1257 780 1322 qua
806 1237 953 1321 strophae
975 1235 1105 1319 quidem
1128 1237 1212 1298 rima
1234 1253 1289 1299 ex-

176 1353 290 1438 pletur,
308 1353 496 1438 simplicitas
514 1370 590 1417 vero
606 1351 761 1436 Sapphica
771 1350 1005 1436 pessumdatur.
1016 1348 1172 1414 Horatius
1184 1353 1291 1412 autem

177 1487 258 1551 quas
289 1467 462 1532 contendas
485 1485 608 1550 quaeve
630 1468 809 1530 carminum
832 1469 1020 1549 argumenta
1040 1463 1081 1528 ab
1101 1464 1290 1548 exemplari·

177 1579 238 1645 bus
262 1579 389 1644 Graccis
412 1582 455 1644 sit
477 1585 652 1660 mutuatus,
675 1578 754 1662 quid
776 1580 845 1662 ipse
867 1580 1035 1662 invenerit,
1059 1582 1189 1662 propter
1211 1583 1290 1642 tem·

177 1714 289 1779 porum
313 1694 463 1758 iniuriam
490 1700 636 1758 accurate
658 1695 722 1756 iam
745 1692 870 1757 definiri
892 1712 956 1757 nou
979 1697 1092 1776 potest,
1114 1691 1172 1755 sed
1192 1691 1294 1754 multa

177 1814 282 1873 tamen
307 1826 381 1873 eum
405 1807 444 1872 de
466 1827 525 1871 suo
549 1806 709 1872 addidisse
730 1811 860 1872 consht
885 1805 990 1871 Maius
1013 1825 1088 1890 ergo
1112 1806 1293 1890 penculum

178 1927 246 1988 erat
267 1940 309 1987 ue
330 1921 365 1984 in
387 1920 481 1986 illum
501 1939 597 2004 quem
618 1919 761 1985 dicebam
774 1920 943 2005 scopulum
953 1919 1294 1985 incideret-Romanus

177 2039 338 2121 practerea
371 2032 433 2098 fuit
462 2032 633 2098 Horatius:
665 2034 775 2119 itaque
804 2039 872 2098 tum
895 2031 984 2104 adria
1006 2032 1110 2095 ἑαυτοῦ
1131 2031 1293 2103 δεινότατος

178 2153 245 2215 erat
280 2168 380 2234 quum
414 2153 640 2232 argumentum
673 2147 827 2212 tractabat
862 2167 904 2213 ex
934 2147 1133 2232 philosophia
1163 2147 1294 2210 morali:

178 2262 265 2327 illam
300 2262 530 2346 philosophiam
566 2262 637 2326 dico
668 2281 751 2346 quae
781 2262 822 2326 ad
852 2263 936 2326 vitae
960 2281 1057 2326 usum
1080 2268 1148 2325 erat
1171 2239 1295 2324 accom-

179 2377 314 2441 modata.
331 2375 510 2442 Sententiae
522 2376 607 2440 euim
619 2375 716 2440 fiuxit
728 2375 863 2440 morales
874 2394 984 2439 revera
997 2393 1069 2439 aere
1080 2376 1297 2458 perenniores,

180 2509 271 2575 quae,
302 2489 377 2554 dum
402 2490 559 2554 sermonis
582 2489 757 2574 elegantiae
781 2495 813 2554 et
834 2490 994 2555 venustati
1016 2508 1076 2553 sua
1097 2488 1169 2552 laus
1192 2488 1297 2571 stabit,

180 2603 342 2668 discantur
371 2608 403 2667 et
425 2600 651 2667 recitabuntur.
673 2600 756 2665 Nam
780 2603 821 2666 sit
843 2620 920 2667 sane
944 2600 1071 2665 Horatii
1096 2600 1297 2685 philosophia

180 2716 311 2781 humilis
346 2717 497 2799 omnique
530 2721 634 2780 careat
665 2714 907 2800 magnificentia,
930 2720 962 2779 at
985 2715 1131 2799 egregius
1154 2717 1226 2778 eius
1249 2720 1299 2779 est

181 2847 302 2893 sermo:
328 2828 574 2893 mediocritatem
601 2829 730 2912 quidem
754 2829 987 2893 commendavit
1005 2827 1169 2909 Horatius,
1189 2829 1299 2892 sediis

182 2958 250 3007 eam
274 2943 441 3006 exornavit
463 2939 612 3005 laudibus
635 2949 673 3005 ut
695 2960 769 3006 vere
792 2961 888 3007 aurea
909 2940 1007 3006 fieret.
1031 2940 1081 3023 Et,
1104 2940 1297 3024 quodmodo

182 3055 222 3121 de
252 3055 339 3119 vitiis
367 3052 509 3119 dicebam
534 3074 617 3138 quae
640 3056 742 3118 vitare
763 3073 828 3118 non
851 3056 990 3138 potuerit
1011 3053 1174 3135 Horatius,
1197 3054 1297 3118 nolim

182 3169 227 3232 ita
259 3169 319 3232 hoc
354 3168 527 3251 accipiatur
559 3169 651 3251 quasi
683 3187 746 3231 non
778 3169 906 3252 penitus
930 3169 1065 3232 sentiam
1089 3187 1185 3251 quam
1209 3187 1300 3251 prae·

183 3282 268 3346 clara
292 3282 361 3346 eius
384 3282 419 3344 in
443 3300 478 3346 re
502 3282 631 3346 metrica
652 3280 773 3345 fuerint
796 3283 917 3347 merita.
941 3280 976 3344 Si
998 3286 1112 3345 nactus
1135 3289 1219 3345 esset
1241 3283 1300 3365 qui

184 3398 289 3482 ipsum
311 3398 520 3479 imitarentur,
543 3395 649 3460 Ennio
672 3395 805 3461 Latinae
827 3396 932 3481 poesis
953 3397 1036 3480 patri
1056 3395 1123 3460 fere
1141 3415 1198 3479 par
1217 3404 1302 3461 esset

185 3509 349 3577 habendus
383 3509 544 3575 Horatius.
579 3509 678 3574 Tanto
712 3512 798 3573 enim
834 3509 965 3574 artificio
1000 3508 1156 3574 vocabula
1188 3509 1303 3576 latina

185 3623 328 3688 numeris
351 3623 483 3688 inclusit
506 3622 644 3705 Graecis,
668 3625 759 3687 utin
782 3621 872 3686 Latio
894 3622 942 3686 illi
965 3624 1032 3686 nati
1055 3623 1233 3686 videantur.
1252 3623 1303 3688 Ne

187 3733 347 3803 levissima
383 3737 511 3822 quidem
547 3737 695 3802 adhaeret
725 3738 833 3801 metris
857 3735 1041 3800 Horatianis
1066 3736 1206 3800 macula:
1231 3739 1307 3821 puri

188 3847 256 3916 olus
281 3867 393 3917 toruus
420 3855 504 3932 suut,
528 3851 698 3936 elegantes,
722 3851 833 3915 auditu
858 3851 1041 3915 suavissimi
1064 3851 1305 3916 iucundissimi·
1352 3894 1354 3898 2

188 3979 257 4049 quo.
282 3958 374 4049 llrgo,
399 3966 434 4029 ut
459 3965 692 4048 comparatione
716 3982 796 4047 quae
815 3962 941 4028 Horatii
961 3964 995 4027 in
1014 3981 1049 4027 re
1068 3964 1197 4028 metrica
1208 3963 1307 4030 suerit

187 4073 377 4163 placat-antia
406 4074 637 4143 ‹lctrrcnatremz
663 4077 797 4142 alterum
821 4077 902 4140 illud
924 4097 942 4139 a
965 4076 1173 4140 Pallavicinio
1197 4096 1305 4162 reper-

188 4190 256 4259 tum
288 4206 423 4275 tratiaco,
448 4208 641 4277 qrramquam
664 4209 809 4256 sermone
832 4189 918 4254 haud
940 4190 986 4253 ita
1009 4189 1146 4254 multum
1168 4189 1208 4254 ab
1234 4189 1303 4254 Ho-
