2954 5130
575 578 582 595 .
699 524 779 588 157Ι

174 713 352 798 disciplina,
375 711 431 778 sed
454 711 575 776 homini
598 709 662 775 levi
685 713 781 796 atque
804 709 912 794 infido,
938 711 994 795 qui
1016 711 1135 775 iustam
1160 727 1295 775 uxorem

176 848 254 916 prae
278 827 390 914 pollice
413 826 548 912 negligit
569 825 722 909 illamque
739 844 815 909 ergo
837 842 968 909 peocm
987 828 1113 889 tantum
1125 843 1190 889 non
1204 824 1299 909 cogit.

220 941 280 1026 HI,
305 940 355 1006 11.
379 939 407 1004 Ε
432 940 530 1004 variis
552 938 668 1024 pannis
688 938 748 1002 hoc
767 942 939 1003 consutum
960 956 1088 1003 carmen
1107 942 1172 1003 est:
1186 936 1297 1002 laudes

181 1057 267 1121 onim
302 1053 454 1120 Mercurii
487 1071 561 1118 cum
593 1049 775 1116 Danaidum
802 1051 914 1136 poenis
937 1051 1188 1136 coniunguntur.
1212 1048 1299 1127 Quo·

178 1168 299 1234 modo?
334 1168 470 1252 quaeris.
502 1164 614 1230 Dicam
639 1165 787 1250 quamvis
809 1163 1006 1231 incredibilis
1028 1183 1079 1231 res
1103 1166 1152 1231 sit.
1175 1164 1300 1230 Mercu·

177 1285 263 1348 rium
285 1281 462 1366 alloquitur
482 1279 638 1345 Horatius
660 1282 693 1344 ot
716 1297 799 1363 quac
819 1279 889 1343 eius
912 1280 1037 1364 egregie
1056 1279 1140 1344 facta
1159 1301 1178 1345 a
1197 1282 1299 1366 po'c'tis

179 1397 296 1463 tradita
330 1400 408 1462 sunt
442 1396 549 1460 omnia
583 1394 694 1459 ordino
726 1398 899 1458 enumerat
930 1392 1001 1458 Hac
1031 1395 1067 1458 in
1098 1412 1133 1460 ra
1156 1395 1300 1480 quinquo

179 1511 379 1596 consumptis
413 1509 552 1594 strophis
585 1508 681 1573 deum
713 1508 791 1573 satis
813 1508 878 1572 iam
902 1506 1068 1572 laudatum
1091 1514 1241 1593 precatur
1264 1514 1302 1574 ut

179 1625 302 1710 Lyden,
332 1624 498 1709 pulchram
525 1622 664 1707 puellam
697 1621 755 1687 scd
778 1620 988 1705 ‚obstinatam’
1014 1622 1138 1688 mollire
1161 1627 1303 1688 conetur.

180 1739 301 1825 Audio,
338 1742 387 1804 est
420 1738 506 1803 enim
540 1735 720 1802 Mercurius
754 1735 887 1801 deorum
917 1738 1063 1822 nuntius,
1096 1741 1128 1803 ot
1157 1742 1235 1803 sunt
1266 1743 1300 1802 in

183 1854 316 1919 deorum
340 1850 439 1917 tutela
459 1854 586 1935 politae,
606 1854 717 1935 politae
736 1867 811 1934 ergo
830 1849 870 1914 ad
889 1849 1027 1934 puellam
1048 1850 1304 1935 perieratrerba.

184 1966 247 2033 Sed
282 1985 346 2050 quo
381 1966 411 2029 ci
443 1965 478 2027 in
510 1962 703 2027 allocutione
731 1963 772 2026 ad
802 1960 914 2044 Lyden
948 1963 1102 2028 utendum
1127 1966 1188 2029 orit
1210 1984 1306 2050 argn-

185 2079 320 2146 mento?
353 2079 513 2143 Accurate
544 2076 692 2141 mandata
723 2076 781 2141 deo
804 2076 899 2141 homo
922 2076 992 2141 dat:
1017 2076 1158 2142 narrabit
1180 2077 1305 2143 Morcu-

185 2196 256 2260 rius
292 2193 331 2258 do
361 2191 465 2257 Danai
486 2190 615 2256 filiabus
641 2209 724 2276 quae
748 2192 878 2255 maritos
902 2191 1096 2274 occiderunt,
1119 2193 1305 2277 praesertim

185 2315 294 2374 tamen
331 2306 370 2372 de
404 2326 470 2370 una
503 2305 629 2370 illarum
663 2323 746 2390 quae
768 2306 867 2390 patris
890 2305 1016 2390 imperii
1038 2307 1208 2372 immemor
1231 2325 1305 2370 oum

187 2442 247 2489 suo
282 2421 426 2507 periculo
461 2419 596 2486 salutem
627 2421 740 2484 marito
773 2419 888 2485 attulit.
921 2417 1005 2496 Quid
1036 2420 1112 2486 haec
1136 2422 1242 2486 omnia
1266 2421 1306 2485 ad

186 2535 324 2618 Lyden?
354 2535 407 2599 An
430 2533 702 2619 Hypermnestrae
725 2552 795 2599 eam
820 2534 1003 2619 exemplum
1027 2534 1247 2600 adhortabitnr
1271 2539 1306 2600 ut

187 2651 312 2736 etipsa
335 2654 401 2715 tam
422 2648 505 2714 bene
529 2648 568 2714 de
593 2649 705 2712 marito
728 2649 911 2713 mereatur?
935 2649 981 2713 nt
1000 2654 1050 2714 cst
1072 2654 1166 2714 etiam
1191 2650 1310 2732 ,cruda

189 2761 325 2829 marito”
350 2768 382 2827 ct
403 2762 463 2826 hoc
481 2761 640 2846 imprimis
658 2760 818 2846 agendum
839 2766 887 2826 est
906 2766 944 2826 ut
963 2764 1139 2827 amantium
1159 2762 1309 2848 precibus

189 2895 301 2942 aurem
335 2874 490 2961 praebeat
524 2875 578 2939 An
609 2880 785 2940 ceterarum
816 2872 998 2940 Danaidum
1029 2894 1151 2961 poenae
1180 2877 1310 2942 illama

190 2991 311 3057 scelere
333 2987 553 3054 revocabunt?
577 2988 623 3053 At
646 2988 726 3052 nihil
748 2989 909 3054 commisit
929 2989 980 3055 vol
1000 2991 1210 3056 commissura
1222 2991 1312 3076 puel·

190 3105 259 3169 lula
293 3107 342 3168 ost
377 3121 476 3188 quare
510 3121 584 3166 cunr
616 3102 758 3168 scelestis
787 3102 852 3167 illis
882 3112 1083 3188 comparetur
1113 3104 1312 3170 mulieribus.

192 3219 293 3283 Vides
315 3219 389 3300 iam,
412 3220 449 3281 ut
472 3216 593 3301 opinor,
616 3235 714 3300 quam
738 3217 828 3280 tenui
852 3216 903 3281 vel
922 3219 1029 3301 potius
1049 3217 1139 3283 nullo
1157 3216 1313 3302 filoLydo

193 3338 300 3397 cetero
324 3332 366 3395 sit
388 3349 515 3394 annexa
537 3330 679 3412 carmini,
702 3348 807 3413 neque
830 3330 1003 3395 admodum
1024 3331 1062 3395 de
1083 3350 1120 3396 ea
1140 3331 1312 3397 sollicitum

193 3445 297 3511 fuisse
330 3449 455 3529 pottam
490 3445 547 3528 qui
578 3461 648 3508 eam
678 3448 767 3508 tanta
790 3444 953 3510 doctrinae
975 3445 1209 3529 mythologioao
1232 3447 1316 3513 mole

196 3560 353 3625 obrueret
390 3556 501 3623 Multis
536 3562 642 3622 autem
674 3558 751 3622 viris
775 3557 878 3623 doctis
901 3564 1074 3643 praeeunte
1095 3559 1315 3645 Peerlkampio

197 3676 294 3739 nimis
328 3672 504 3738 absurdum
539 3672 600 3736 hoc
634 3690 760 3737 carmen
797 3674 903 3737 visum
939 3678 987 3738 est
1019 3693 1115 3758 quam
1148 3679 1184 3738 ut
1206 3676 1253 3740 sio
1276 3674 1316 3740 ab

198 3789 332 3854 Horatio
355 3788 508 3871 scriptum
533 3786 704 3851 crederent
728 3785 795 3849 Alii
814 3805 888 3871 orgo
908 3791 1071 3852 tentarunt
1092 3788 1160 3852 alia
1180 3788 1317 3875 Elegan-

198 3903 323 3969 tissime
344 3899 509 3986 ,Lahrsius
539 3917 652 3965 vorsus
686 3900 815 3963 17-20
847 3906 878 3965 et
903 3901 1033 3964 25-28
1057 3901 1183 3986 expulit
1205 3908 1237 3967 et
1260 3922 1317 3987 pro

200 4019 369 4082 manent
403 4017 460 4097 (vs.
496 4015 549 4097 29)
585 4014 662 4100 legit
693 4014 839 4097 luunt,
873 4034 936 4098 quo
967 4014 1049 4079 facto
1080 4022 1129 4081 sat
1159 4015 1320 4082 landabile

201 4131 345 4196 nascitur
367 4147 506 4214 carmen,
529 4129 623 4194 cuius
646 4129 706 4194 hoc
725 4128 790 4193 fero
810 4133 858 4194 est
877 4134 1119 4213 argumentum:
1143 4130 1320 4212 ,Mercurii

202 4245 276 4328 lyra
310 4247 366 4308 tna
399 4241 597 4328 permulcere
631 4248 663 4308 et
696 4241 821 4307 mollire
853 4240 964 4324 Lyden
994 4248 1090 4327 tenta,
1121 4263 1203 4330 quae
1233 4264 1322 4310 nuno
