2954 5130
695 508 754 570 121

183 694 363 758 admonitus
387 712 502 759 novam
522 695 629 759 attulit
647 695 749 759 lucem
770 696 1061 780 praestantissimae
1075 695 1198 760 Camilli
1210 696 1296 782 apud

182 807 309 872 Livium
346 809 488 873 orationi.
524 808 585 874 Sed
615 813 730 874 nocent
753 809 914 875 interdum
940 828 1129 894 magnorum
1152 812 1295 876 virorum

183 921 438 1005 splendidissima
467 924 605 986 inventa.
632 921 691 987 Est
714 923 798 986 enim
823 922 981 1007 quoddam
1007 923 1088 988 male
1112 923 1296 989 sedulorum

182 1054 294 1118 ganne,
319 1037 384 1120 qui,
407 1041 444 1100 ut
467 1041 498 1101 et
521 1037 583 1120 ipsi
606 1056 701 1100 suum
724 1035 892 1100 ostendant
915 1055 1059 1120 acumen,
1083 1037 1123 1100 ad
1146 1038 1297 1102 recentis·

182 1151 294 1213 simam
331 1169 492 1234 quamque
522 1151 737 1214 coniecturam
767 1150 847 1214 nihil
878 1168 941 1214 non
973 1152 1105 1235 exigant
1134 1156 1230 1235 atque
1253 1153 1298 1215 ita

183 1264 368 1328 utilissimas
399 1264 635 1329 observationes
667 1264 818 1328 ridiculas
849 1264 989 1329 reddant.
1021 1264 1126 1330 Metus
1151 1284 1225 1350 ergo
1249 1271 1298 1331 ost

182 1395 223 1441 ne
253 1396 329 1440 mox
361 1377 399 1442 ab
423 1378 486 1442 illis
509 1378 653 1461 undique
676 1377 900 1461 protrahantur
923 1397 1035 1442 versus
1058 1378 1297 1462 sententiaeque

183 1511 264 1576 quae
288 1511 361 1556 oum
384 1492 440 1555 illo
463 1492 603 1575 Augusti
627 1492 760 1556 oonsilio
784 1492 891 1574 aliquo
916 1492 1008 1556 modo
1032 1492 1198 1556 cohaerere
1210 1492 1297 1557 vide-

183 1611 285 1670 antur.
311 1604 510 1690 Quapropter
531 1607 604 1670 illos
628 1606 783 1671 admoneo
807 1606 892 1689 apud
912 1607 1044 1670 erotieos
1064 1611 1148 1670 certe
1166 1608 1297 1689 Augus·

181 1726 249 1785 teae
283 1722 396 1785 aetatis
431 1725 539 1804 poetas
570 1739 771 1784 communem
802 1719 894 1783 illum
925 1738 995 1784 esse
1016 1720 1119 1783 locum
1146 1719 1185 1783 de
1209 1719 1297 1784 urbis

180 1832 300 1897 Romae
334 1839 365 1897 et
398 1832 507 1898 Italiae
543 1832 701 1897 laudibus.
733 1831 851 1897 Omnes
884 1833 967 1896 enim
992 1850 1094 1916 aeque
1118 1833 1297 1916 peregrina-

180 1949 284 2012 tiones
319 1947 464 2012 oderunt.
498 1945 561 2011 Sed
596 1947 682 2030 quod
712 1947 750 2011 de
782 1946 851 2011 aliis
881 1947 959 2011 loois
984 1945 1209 2011 communibus
1233 1948 1296 2010 iam
1426 1958 1433 1971 ’

182 2062 250 2126 dixi
273 2062 357 2126 idem
381 2065 412 2125 et
433 2061 486 2125 hio
509 2081 571 2125 usu
594 2062 698 2125 venit:
724 2061 752 2125 si
773 2079 837 2124 uno
858 2079 968 2125 eoram
988 2059 1175 2144 Propertius
1187 2056 1298 2145 utitur,

179 2177 233 2242 ille
257 2177 437 2240 eommunis
458 2195 528 2241 esse
552 2176 675 2241 desinit.
695 2174 906 2240 Pulcherrimi
926 2174 1065 2259 profooto
1085 2192 1198 2238 versus
1211 2178 1296 2258 sunt,

181 2290 299 2375 quibus
329 2289 476 2355 Tibullus
507 2309 603 2374 quam
627 2289 689 2354 sibi
712 2290 865 2354 malesani
891 2288 1066 2370 rideantur,
1090 2290 1147 2372 qui
1170 2287 1296 2352 divitia·

180 2424 253 2469 rum
277 2404 533 2489 quaerendarum
556 2423 654 2468 eausa
677 2422 733 2488 per
756 2403 863 2468 orbem
887 2409 1044 2468 terrarum
1065 2407 1204 2487 currant,
1218 2402 1296 2466 dum

179 2517 319 2602 puellam
355 2517 505 2582 omnibus
536 2517 655 2582 divitiis
685 2518 838 2601 potiorem
863 2517 949 2581 domi
971 2514 1116 2599 habeant,
1139 2514 1297 2600 significat

179 2633 214 2716 (1,
241 2635 270 2717 1,
295 2634 333 2696 51
359 2633 432 2716 sq.):

313 2794 340 2859 0
365 2799 553 2880 quantumst
575 2796 646 2859 auri
668 2795 774 2878 potins
797 2799 970 2880 pereatque
993 2794 1162 2879 smaragdi,

358 2906 458 2985 Quam
483 2907 558 2974 fleat
580 2907 620 2973 ob
644 2913 768 2973 nostras
793 2908 860 2973 ulla
882 2907 990 2993 puella
1013 2908 1090 2990 vias,

181 3090 211 3149 et
235 3085 460 3149 venustissima
491 3088 538 3149 est
563 3082 705 3168 epistola,
728 3103 824 3167 quam
847 3083 887 3146 ad
910 3088 1081 3147 amatorem
1105 3083 1203 3146 mittit
1224 3081 1296 3146 Sul·

141 3249 143 3252 .
183 3200 266 3283 pieia
289 3196 364 3280 (111).
388 3197 446 3282 IV,
473 3199 522 3280 9);

314 3360 382 3426 Scis
406 3362 466 3426 iter
488 3381 529 3424 ex
553 3361 659 3424 animo
683 3358 845 3425 sublatum
869 3361 959 3425 triste
981 3359 1131 3444 puellae?

356 3473 462 3538 Natali
484 3472 604 3537 Romae
627 3474 690 3537 iam
714 3473 787 3537 lieet
811 3491 881 3537 esse
903 3478 967 3537 tuo.

314 3587 472 3652 Omnibus
495 3587 549 3652 ille
573 3587 640 3651 dies
664 3587 758 3651 nobis
780 3587 915 3671 genialis
939 3591 1060 3670 agatur,

359 3699 422 3778 Qui
445 3720 504 3765 neo
527 3701 669 3784 opinanti
691 3720 779 3765 nuno
802 3698 860 3764 tibi
883 3700 964 3765 forte
987 3700 1083 3765 venit

225 3876 288 3942 Sed
324 3881 444 3962 quanto
480 3877 530 3941 his
561 3881 721 3960 praestant
753 3895 834 3961 quae
857 3877 920 3939 iam
945 3893 962 3940 6
984 3874 1151 3959 Propertio
1175 3875 1214 3939 de
1237 3874 1297 3938 hoo

180 3997 367 4077 argumento
402 3991 584 4056 attulimus:
621 3992 676 4056 illa
709 4011 774 4055 non
806 3990 943 4074 legimus
974 3990 1029 4055 sed
1061 3989 1220 4072 audimus,
1242 3989 1297 4053 illa

180 4126 255 4172 vera
278 4125 348 4172 esse
374 4125 439 4170 non
464 4106 623 4171 oredimus
647 4105 702 4170 sed
727 4106 901 4170 sentimus:
926 4122 999 4167 eum
1024 4102 1188 4187 Propertio
1211 4103 1296 4168 anim

180 4220 321 4285 vivimus
364 4225 526 4304 tamquam
561 4238 634 4284 oum
671 4219 853 4303 aequalium
888 4217 1144 4300 nostratiumque
1178 4215 1297 4301 aliquo.
