2954 5130
623 478 709 589 '91

131 712 326 778 Horatianus
350 711 593 796 Ovidianusque
616 713 720 797 specie
743 714 826 777 inter
846 731 880 778 se
902 712 1022 778 similes
1042 715 1249 795 sunt‚revera

133 828 281 905 minime;
302 827 485 890 communia
504 826 623 891 habent
641 826 796 891 vocabula
809 827 975 911 quaedam,
985 817 1148 910 praeterea
1159 825 1248 890 nihil.

130 941 227 1025 Apud
259 940 409 1005 Ovidium
438 942 523 1006 enim
548 940 741 1005 Graecorum
766 945 850 1005 artes
873 942 907 1004 in
930 940 1056 1004 Italiam
1080 939 1249 1004 translatae

131 1074 204 1119 cum
239 1055 356 1140 praeda
388 1054 525 1139 quadam
558 1055 774 1133 conteruntur,
806 1059 903 1139 atque
926 1058 975 1119 est
998 1073 1034 1118 ea
1056 1054 1248 1138 comparatio

130 1169 216 1233 haud
238 1169 332 1253 longe
355 1170 467 1252 petita:
493 1170 596 1233 cuivis
619 1170 705 1233 enim
729 1173 841 1252 sponte
865 1188 935 1233 sese
955 1168 1052 1232 offert.
1072 1166 1249 1231 Horatiana

131 1287 237 1346 tamen
268 1283 424 1346 sententia
454 1300 588 1346 acumen
619 1282 780 1366 quoddam
804 1281 899 1347 habet
922 1287 953 1346 et
975 1277 1195 1366 drpoado'aaudo
1211 1302 1248 1352 τι,
1338 1289 1342 1295 ’

131 1415 236 1481 neque
271 1395 358 1460 ullus
392 1396 482 1460 loeus
517 1415 559 1460 ex
594 1397 652 1460 hoo
683 1395 859 1460 Horatiano
891 1414 1063 1479 expressus
1087 1412 1156 1459 esse
1178 1395 1250 1458 iure

132 1511 194 1573 dioi
216 1514 327 1593 potest,
352 1510 501 1594 quamvis
524 1511 554 1572 ei
577 1510 680 1594 primo
702 1515 830 1593 aspectu
852 1512 1006 1592 cognatus
1026 1507 1180 1589 videatur,
1193 1508 1250 1591 qui

132 1623 315 1688 careatillo:
340 1625 455 1688 victa
478 1624 683 1688 victorem
707 1624 825 1687 vioit.
846 1622 1249 1687 Ineoenimsuntomnia.

174 1844 405 1929 Tibullum,
431 1846 578 1930 quamvis
600 1844 697 1909 fuerit
720 1842 853 1908 Horatio
874 1843 1065 1907 coniunctus
1085 1841 1134 1922 (of.
1156 1840 1254 1935 out,

132 1960 183 2042 33,
213 1956 313 2043 Epist
336 1958 361 2041 Ι,
385 1959 427 2043 4),
460 1963 565 2023 tamen
593 1957 696 2022 ullum
721 1958 790 2022 eius
814 1975 942 2021 versum
968 1960 1042 2021 ante
1065 1955 1174 2020 oeulos
1196 1955 1252 2019 ha·

131 2073 240 2138 buisse
274 2072 484 2137 demonstrari
517 2091 584 2136 non
614 2076 725 2156 potest.
751 2068 840 2146 Quae
863 2069 1041 2134 afferuntur
1063 2072 1251 2153 argumenta

131 2186 253 2251 nullius
284 2204 354 2251 esse
378 2187 472 2271 pretii
494 2184 659 2250 Meierotto
683 2185 758 2248 olim
782 2184 944 2248 contendit
967 2187 999 2247 et
1022 2184 1196 2249 assentitur
1220 2183 1250 2247 ei

130 2300 292 2365 Hertrius.
325 2300 422 2364 Anno
457 2304 562 2364 autem
600 2300 685 2363 1870
716 2298 932 2363 Baehrensius
964 2299 999 2360 in
1022 2297 1128 2361 lucem
1151 2296 1250 2360 edidit

131 2415 276 2480 libellum
310 2415 363 2479 cui
392 2415 507 2479 titulus
541 2413 755 2496 „Tibullisohe
777 2411 927 2477 Blatter’Q
952 2410 1041 2488 Quae
1064 2411 1117 2475 ille
1141 2414 1251 2475 oontra

131 2528 371 2593 Meierottonem
395 2528 545 2609 attulerit,
565 2528 605 2591 iis
629 2546 663 2591 se
683 2526 721 2591 de
743 2526 899 2590 sententia
918 2545 983 2589 non
996 2543 1066 2589 esse
1078 2522 1249 2588 abductum

131 2642 283 2707 Hertzius
307 2641 452 2706 declarat.
475 2639 637 2717 Lubenter
655 2640 759 2705 oredo.

177 2755 349 2820 Gratius
372 2753 479 2820 Ovidii
502 2756 625 2820 amicus
650 2756 678 2836 (e
701 2754 793 2818 Pont.
816 2753 875 2838 IV,
901 2753 951 2836 16,
977 2754 1030 2834 34)
1054 2772 1100 2817 vs.
1125 2751 1187 2816 347
1212 2750 1252 2815 de

132 2869 213 2935 Oroo
236 2870 387 2955 loquitur,
411 2871 467 2954 qui

351 3006 460 3092 Nigris
484 3006 590 3072 orbem
615 3007 823 3070 circumvolat
846 3005 914 3070 alis.

133 3169 276 3235 Conferri
298 3173 403 3254 potest
424 3167 637 3232 Horatianum
662 3165 736 3250 (Sat.
759 3166 801 3250 II,
826 3167 854 3250 1,
878 3166 948 3247 58):

356 3319 442 3383 Mors
466 3320 542 3383 atris
567 3317 777 3382 circumvolat
800 3317 867 3382 alis.

133 3483 195 3548 Sed
218 3483 390 3567 imaginem
422 3481 509 3545 illam
534 3479 572 3544 ab
596 3478 730 3544 Horatio
754 3481 929 3565 sumpsisse
953 3478 1097 3544 Gratiam
1121 3479 1253 3544 minime

134 3601 256 3662 certum
280 3601 336 3678 est,
359 3594 466 3659 iudice
488 3587 629 3659 Hertzio.

176 3709 274 3795 Apud
308 3707 477 3773 Horatium
514 3707 583 3792 (HI,
615 3708 667 3791 23,
698 3707 751 3788 20)
782 3707 914 3791 pauperi
945 3706 991 3770 dii
1013 3705 1160 3790 placandi
1183 3724 1253 3770 esse
1351 3793 1356 3802 Ι

134 3826 288 3890 dicuntur

356 3935 452 4000 Ferre
475 3936 528 4020 pio
553 3940 584 4000 et
607 3935 740 4001 saliente
762 3936 853 3998 mica.

178 4088 414 4174 Lygdamus
438 4085 507 4167 (IV,
533 4086 584 4167 10)
609 4085 696 4148 huno
719 4083 813 4148 habet
836 4102 983 4148 versum:

355 4235 451 4301 Ferre
472 4236 526 4320 pio
549 4234 676 4320 placant
698 4253 735 4298 ao
758 4233 890 4298 saliente
913 4232 989 4298 sale.
