2954 5130
773 499 814 564 18

232 705 307 752 eom
342 706 457 753 ausum
489 706 560 752 esee
588 705 645 771 per
668 705 764 770 quern
789 686 894 751 aditus
919 686 960 750 ad
982 684 1198 751 Maecenatem
1221 690 1253 752 ot
1276 685 1351 751 Pol·

232 800 350 865 lionem
375 801 536 885 parandus
559 805 644 865 esset
666 801 781 884 potius.
804 797 962 884 Denique,
981 805 1019 864 ut
1038 799 1117 883 quid
1134 801 1354 865 intersitinter

141 992 145 1001 ,
235 932 345 978 verum
382 914 521 998 aliquem
557 913 785 978 Archilochum
821 918 852 978 et
887 918 1010 997 poetam
1044 918 1190 978 nostrum
1224 913 1353 997 penitus

234 1030 362 1112 sentias,
383 1028 579 1113 praeclarum
603 1027 692 1092 ietud
714 1029 748 1091 in
771 1027 832 1091 hoe
853 1045 970 1112 genere
993 1025 1209 1093 Catullianum

477 1189 567 1255 Eone
588 1191 727 1272 nomine,
748 1189 920 1274 imperator
939 1190 1042 1272 unice,

477 1302 581 1368 Fuisti
603 1304 638 1366 in
661 1302 773 1368 ultima
796 1303 969 1368 occidentis
992 1302 1109 1388 insula,

478 1417 523 1483 Ut
546 1419 607 1483 ista
630 1423 735 1483 vestra
759 1417 907 1482 diffututa
929 1415 1074 1482 Mentula

477 1530 652 1598 Dueenties
676 1535 832 1597 comesset
854 1538 911 1596 aut
933 1530 1126 1597 trecenties?

477 1645 567 1711 Eone
591 1646 721 1710 nomine
743 1643 833 1726 urbis
857 1663 875 1709 o
898 1644 1056 1728 potissimi

482 1758 579 1825 Socer
600 1777 763 1845 generque
786 1757 968 1842 perdidistis
990 1759 1122 1823 omnia?

236 1951 310 2000 oum
335 1934 498 2019 languidis
520 1934 608 1999 hisee
631 1952 780 2018 oompera
802 1932 986 2003 versieulis:
1054 1900 1055 1903 Ἴ

440 2095 524 2174 Quid
547 2097 660 2162 attinet
682 2101 728 2161 tot
752 2114 808 2161 ora
830 2097 961 2161 navium
983 2096 1074 2181 gravi

522 2209 668 2276 Rostrata
691 2211 765 2275 duoi
792 2210 934 2295 pondere

437 2323 554 2391 Contra
576 2325 715 2391 latrones
738 2329 835 2409 atque
858 2325 1005 2390 servilem
1029 2341 1159 2389 manum

523 2437 604 2523 Hoc,
627 2440 686 2503 hoo
709 2437 839 2524 tribuno
864 2439 1028 2503 militum?

280 2613 328 2679 Eo
361 2632 437 2698 ergo
471 2632 524 2677 res
554 2613 636 2677 redit
666 2618 703 2677 ut
724 2612 890 2677 videamus
913 2613 1131 2679 adversarium
1155 2612 1194 2677 ab
1216 2611 1353 2677 Horatio

236 2726 359 2810 fiotum,
382 2746 423 2792 ne
446 2745 578 2811 prorsus
601 2727 677 2791 novi
700 2726 823 2790 deesset
846 2728 997 2792 carminis
1019 2727 1176 2791 materies.
1266 2791 1268 2795 ,

237 2888 292 2953 VI.
434 2886 518 2965 Quid
541 2889 745 2953 immerentes
768 2888 909 2973 hospites
932 2909 1041 2974 vexas,
1065 2889 1183 2972 oanis„

537 3000 680 3086 Ignarus
706 3001 874 3067 adversum
897 3002 1017 3087 lupos?

282 3174 430 3260 Ineptum
465 3176 604 3260 profeoto
640 3181 688 3242 est
721 3182 753 3242 et
786 3176 958 3241 ridiculum
993 3181 1157 3261 poetarum
1188 3195 1282 3261 opera
1312 3178 1353 3242 ad

237 3309 365 3357 severae
399 3290 554 3374 quasdam
588 3291 685 3375 leges,
721 3310 803 3374 quas
833 3293 901 3374 ipse
931 3290 988 3358 t'ibi
1019 3291 1058 3355 de
1088 3292 1188 3357 nihilo
1211 3291 1355 3376 finxeris,

237 3407 386 3470 rovocare
420 3403 503 3469 vello
536 3409 567 3468 et
601 3405 664 3469 nisi
698 3403 763 3469 illie
793 3405 1015 3489 respondeant,
1044 3409 1208 3489 umquam
1239 3405 1354 3470 vitiose

237 3518 457 3600 condemnare,
480 3517 537 3582 sed
560 3517 619 3582 hoe
641 3519 713 3583 iure
735 3524 844 3583 nostro
869 3539 887 3584 a
910 3523 1001 3602 poeta
1024 3519 1185 3602 postulare
1207 3521 1355 3596 videmur

238 3637 274 3696 ut
304 3631 367 3696 sibi
397 3636 520 3696 constet
549 3649 631 3696 neve
657 3650 694 3696 ea
718 3632 801 3698 dieat
825 3632 1190 3716 quaeadversafronte
1213 3636 1354 3702 interae

237 3753 398 3830 pugnent:
434 3746 511 3811 huie
538 3746 602 3831 legi
632 3765 742 3831 perere
772 3752 894 3831 oportet
923 3753 990 3812 tam
1013 3767 1087 3813 eum
1112 3751 1169 3833 qui
1191 3751 1354 3834 tragoedia

236 3858 289 3923 vel
319 3859 460 3923 earmina
482 3859 609 3923 heroico
632 3878 822 3943 magnorum
845 3861 1013 3925 hominum
1038 3860 1127 3944 laeta,
1150 3863 1245 3946 dieta,
1267 3865 1353 3948 eogi-

236 3973 372 4036 tationee
405 3973 582 4038 aeternitati
618 3972 842 4037 commendare
871 3972 1007 4056 studeat,
1040 3994 1137 4057 quam
1162 3977 1218 4059 qui
1241 3977 1361 4060 paucis,

237 4082 383 4148 versibus
417 4085 518 4152 risum
553 4103 680 4149 movere
710 4085 845 4151 aliamve
875 4085 1005 4152 brevem
1036 4107 1147 4172 parare
1169 4088 1349 4173 legentibus

237 4195 479 4262 oblectationem
502 4198 587 4263 velit
611 4196 705 4275 Quod
728 4200 785 4282 qui
808 4218 872 4264 non
891 4200 1011 4285 feeerit,
1030 4203 1350 4290 operamperdiderit,
