2954 5130
774 510 815 573 90

235 693 318 760 tur”.
342 693 405 760 Sed
428 713 539 779 neque¹
556 698 714 760 sententia
733 695 788 760 illa
807 695 925 761 alibro
944 695 984 758 de
996 694 1075 758 Arte
1087 692 1215 758 Potitios
1227 702 1355 779 sumpta

235 809 276 874 ad
298 814 440 874 nostram
461 811 679 893 quaestionem
704 811 849 895 pertinet,
872 815 904 874 et
926 808 1032 885 iudice
1050 807 1243 872 Ruhnkenio
1257 809 1354 874 verba

234 923 411 989 Horatiana
445 942 487 989 ax
521 924 686 989 Asinianis
722 928 799 989 sunt
833 942 994 1007 expressa,
1029 942 1094 986 non
1124 922 1281 988 Asiniana
1312 942 1354 987 ex

234 1035 428 1101 Horatianis.

279 1149 429 1215 Livius
458 1151 630 1216 historicus
661 1151 796 1216 Horatio
827 1152 943 1235 viginti
966 1170 1068 1215 annos
1091 1155 1252 1234 superstes
1274 1150 1353 1216 fnit:

234 1264 324 1329 nulla
346 1270 453 1329 tamur
476 1264 580 1329 adhno
602 1270 688 1330 certa
711 1266 804 1350 signa
826 1269 950 1349 reperta
972 1268 1051 1328 sunt
1074 1283 1092 1328 e
1115 1263 1235 1347 quibus
1259 1284 1354 1348 appa-

235 1381 302 1442 reat
336 1376 507 1442 Horatium
539 1383 651 1443 notum
684 1380 714 1444 ei
736 1378 844 1443 fuisse.
867 1376 1024 1443 Desinant
1047 1396 1122 1461 ergo
1144 1377 1272 1442 tandem
1298 1378 1355 1441 ali-

237 1491 366 1575 quando
390 1511 543 1576 quaerere
561 1494 622 1556 viri
643 1493 737 1557 docti.
756 1491 839 1557 Nam
860 1492 963 1557 solent
975 1491 1104 1575 quidem
1116 1492 1221 1555 efferri
1233 1491 1356 1575 aliquot

236 1606 423 1671 imitationis
459 1606 614 1692 exempla,
650 1607 707 1672 sad
741 1606 827 1672 uliud
856 1606 917 1671 alio
949 1611 997 1671 est
1026 1607 1189 1670 incertius.
1221 1604 1355 1689 Singula

199 1717 207 1728 ”
236 1739 469 1786 recenseamus.

280 1833 391 1899 Livius
414 1833 471 1916 VI,
495 1835 548 1919 19,
573 1836 592 1898 2
616 1835 773 1899 sententia
795 1835 913 1899 utitur:
941 1832 1005 1915 „Ut
1028 1834 1097 1897 suis
1115 1833 1184 1916 ipse
1204 1836 1354 1898 oneratus

236 1946 360 2013 viribus
383 1946 487 2031 ruat”‚
512 1953 544 2012 at
565 1946 692 2012 Horatii
715 1947 767 2011 hic
788 1965 903 2012 versus
926 1952 975 2015 est
998 1945 1108 2031 (llpod.
1132 1945 1241 2028 XVI):

458 2098 534 2164 Suis
557 2101 681 2184 etipsa
703 2098 805 2165 Roma
827 2098 952 2164 viribus
974 2100 1048 2164 ruit

281 2251 379 2337 Apud
401 2249 528 2316 Livium
553 2251 692 2337 (XXXI,
719 2253 770 2337 18,
794 2253 824 2335 7)
848 2251 1004 2317 vocabula
1027 2253 1118 2317 vias
1141 2252 1220 2316 leti
1240 2251 1353 2335 legun-

237 2370 299 2449 tur,
339 2366 426 2451 apud
465 2365 637 2431 Horatium
678 2365 747 2449 (Od.
782 2365 807 2450 1,
841 2367 893 2450 28,
929 2367 976 2445 tt:
1020 2366 1089 2430 via
1121 2366 1207 2430 lati.
1242 2362 1354 2431 Livius

238 2478 408 2565 (XXXIV,
430 2482 462 2566 4,
488 2482 518 2562 3)
542 2479 694 2545 Catonem
718 2482 752 2544 in
772 2481 914 2545 oratione
934 2480 973 2545 de
991 2480 1062 2564 lege
1082 2478 1184 2565 Oppia
1196 2480 1353 2545 dicentem

237 2593 329 2659 facit:
358 2614 418 2677 „ne
439 2594 512 2661 illae
536 2596 637 2680 magis
659 2614 720 2659 nos
743 2595 885 2680 ceperint
909 2614 1005 2679 quam
1025 2612 1084 2658 nos
1102 2591 1206 2677 illas''‚
1226 2600 1257 2659 at
1268 2594 1354 2679 apud

238 2707 409 2773 Horatium
433 2707 500 2793 (Hp.
524 2707 566 2791 Π,
589 2709 617 2792 1,
641 2708 715 2790 156)
739 2709 903 2773 decantata
926 2708 981 2773 illa
999 2707 1118 2792 legitur
1136 2708 1310 2773 sententia:

259 2896 262 2903 ,
374 2858 505 2924 Graecia
528 2864 619 2944 captu
642 2858 747 2924 farum
770 2860 922 2925 victorem
945 2860 1030 2944 cepit
1053 2863 1084 2924 et
1107 2863 1190 2924 artes

372 2971 486 3036 Intulit
509 2973 626 3056 agresti
648 2971 748 3037 Latio.

284 3121 414 3188 Nullam
436 3124 495 3188 hos
518 3122 604 3187 locos
627 3121 837 3202 παραλλήλους
860 3122 977 3188 habore
999 3123 1213 3208 persuadendi
1236 3123 1301 3187 vim
1326 3128 1358 3188 et

240 3256 298 3323 ego
322 3243 436 3302 censeo
461 3241 493 3301 at
511 3238 637 3321 egregia
660 3237 856 3303 demonstrat
878 3237 1040 3302 Hertzius.
1065 3236 1136 3314 Quo
1160 3238 1261 3322 magis
1281 3256 1356 3302 aum

241 3354 340 3418 miror
363 3351 521 3417 deversa
546 3350 702 3415 Ovidiano
726 3349 811 3432 OEast
833 3351 893 3437 HI,
919 3352 981 3416 101
1005 3354 1082 3437 sq.):

373 3502 526 3568 Nondum
550 3503 724 3568 tradideras
747 3504 848 3568 victas
871 3503 1047 3568 victoribus
1074 3508 1158 3568 artas

375 3616 505 3682 Graecia

242 3769 319 3834 haec
341 3767 516 3834 affirmare:
544 3768 626 3851 „Hic
646 3765 780 3833 Ovidius
800 3766 950 3832 omnibus
969 3767 1242 3833 consentientibus
1254 3767 1357 3833 Hora-

119 3869 120 3872 *
242 3884 323 3948 tium
347 3887 421 3948 anta
444 3884 554 3948 oculos
577 3881 720 3968 habuit''‚
743 3901 809 3945 non
832 3880 981 3946 omnibus
999 3881 1063 3946 illis
1083 3901 1175 3946 suam
1197 3901 1358 3967 opponere

242 3999 481 4062 auctoritatam:
506 4002 554 4063 ast
577 3998 662 4062 enim
686 3995 825 4083 profacto
848 3997 964 4059 πολλῶν
987 3991 1123 4070 ἀντάξιος
1145 3994 1252 4060 ἄλλον.
1274 3996 1356 4061 Nam

242 4109 412 4175 verborum
436 4110 554 4195 quibus
578 4110 664 4195 apud
682 4108 811 4173 Livium
832 4108 908 4174 Cato
929 4110 1030 4174 utitur
1041 4110 1126 4175 haud
1139 4109 1235 4175 dubia
1246 4110 1356 4176 eadam

242 4225 291 4288 vis
320 4229 369 4290 est
391 4228 488 4308 atque
510 4243 663 4289 versuum
686 4223 936 4289 Horatianornm
960 4242 1002 4288 ex
1024 4225 1114 4309 epist.
1136 4223 1179 4308 Π,
1205 4224 1240 4306 13
1264 4224 1356 4290 locus
