2954 5130
719 524 761 588 30

180 709 287 775 minus
317 707 483 775 terendum
514 709 620 774 visum
644 726 835 794 essequam
860 709 1097 776 substantivum
1120 728 1296 778 acervos

179 823 226 887 sio
249 822 407 888 sincello
430 822 586 887 adieetivo
608 821 660 887 vel
681 822 823 907 genitivo
847 823 886 888 ad
908 843 1039 908 magnae
1059 823 1186 890 divitiis
1198 826 1297 911 signi·

178 934 320 1003 fioandas
353 937 503 1022 positum.
534 934 597 1000 Sed
628 954 666 1000 eo
697 937 775 1001 vitio
799 936 940 1003 notando
963 957 1029 1003 uon
1052 941 1298 1023 grammaticum

179 1049 319 1135 aliquem
350 1048 401 1115 vel
430 1048 597 1114 librarium
620 1050 807 1134 perstrinxit
831 1050 886 1115 sed
908 1051 1015 1136 ipsum
1037 1049 1217 1135 Horatium,
1241 1054 1298 1138 qui

179 1163 272 1230 metri
302 1160 489 1228 difficultate
518 1160 558 1226 ed
582 1162 699 1226 incitas
722 1162 870 1228 reductus
893 1165 1070 1230 sententies
1092 1166 1158 1230 vim
1180 1165 1299 1232 iecerit

179 1275 360 1344 Dicendum
391 1281 467 1360 erat,
499 1281 535 1341 ut
559 1274 681 1361 opinor,
702 1277 944 1355 thesauros,
968 1284 1064 1364 utque
1086 1279 1167 1345 illud
1189 1282 1296 1367 ipsum

178 1391 213 1456 in
237 1396 343 1457 mente
364 1389 500 1456 habebat
522 1388 684 1455 Horatius.
709 1388 782 1455 Non
806 1391 892 1457 enim
916 1391 1032 1457 melius
1055 1394 1162 1458 animo
1185 1399 1296 1461 nostro

179 1509 416 1591 mpmesentars
449 1521 623 1590 pomumm
658 1506 765 1569 virum
795 1505 980 1590 sapientem,
1011 1524 1072 1573 suo
1102 1513 1297 1592 contentum,
1398 1550 1401 1557 -

150 1656 152 1661 -
179 1618 363 1684 divitiarum
395 1622 653 1703 contemptorem,
686 1636 784 1703 quam
809 1618 836 1684 si
859 1636 934 1683 eum
956 1617 1119 1705 fingimus,
1141 1620 1217 1687 dum
1242 1620 1298 1687 uli·

180 1731 256 1798 cubi
278 1733 449 1798 messurus
471 1730 628 1815 effoditur,
651 1733 746 1798 cuius
770 1752 861 1798 suam
886 1731 948 1798 sibi
970 1740 1093 1818 partem
1111 1737 1183 1801 iure
1195 1736 1298 1802 vindi·

179 1865 252 1913 care
281 1852 413 1932 potent,
443 1851 697 1932 pmeterenutem
728 1864 834 1932 neque
865 1848 1095 1932 respicientem.
1119 1848 1182 1916 Sed
1204 1869 1297 1916 roca·

56 2046 60 2053 .
178 1959 292 2025 bulum
316 1961 410 2026 unice
432 1960 509 2025 huic
527 1960 659 2044 imagini
678 1965 789 2045 aptum
809 1979 922 2026 versus
940 1961 1126 2046 respuebat3
1146 1962 1208 2029 aiio
1220 1982 1295 2050 ergo

179 2078 351 2141 contentus
379 2093 450 2141 osse
472 2072 606 2140 debebat
627 2079 721 2159 poite
744 2081 776 2139 et
797 2093 873 2160 prae
896 2076 1039 2142 numeris
1062 2083 1167 2144 cetera
1189 2079 1296 2144 omnia

179 2195 388 2256 contemnens
416 2189 624 2275 pulcherrimi
659 2189 838 2256 ornamenti
866 2187 941 2256 iecit
963 2191 1127 2256 iacturam.
1151 2190 1244 2270 Quo’d
1267 2193 1295 2259 si

179 2305 253 2392 quis
285 2306 385 2402 nimia
418 2301 544 2370 Horatii
573 2304 783 2369 admiratione
817 2303 935 2369 ductus
968 2304 1155 2372 incredibile
1186 2312 1218 2373 et
1239 2307 1295 2372 ilio

179 2418 349 2504 indignum
378 2423 478 2503 putat,
509 2417 659 2502 inspiciat
680 2417 760 2480 mihi
781 2416 881 2483 alium
903 2417 1020 2497 locum,
1043 2419 1098 2484 ubi
1122 2419 1188 2485 fere
1210 2420 1294 2486 idem

180 2533 210 2598 ei
233 2531 387 2597 accidisse
406 2531 541 2595 videtur.
821 2605 825 2614 Ι

223 2645 248 2727 Ι,
272 2646 300 2708 2.
323 2642 466 2709 Summis
490 2642 578 2708 effert
600 2641 751 2708 laudibus
773 2644 959 2728 Augustum
983 2649 1091 2729 posu:
1116 2665 1179 2710 non
1201 2647 1295 2713 homo

178 2760 234 2824 ille
268 2760 298 2823 ei
331 2758 459 2823 ridetur
490 2756 546 2824 sed
569 2757 666 2835 deus;
699 2755 895 2822 Mercurium
918 2759 958 2823 de
983 2759 1070 2824 coelo
1094 2761 1296 2828 descendisse

179 2874 279 2941 credit
301 2875 359 2959 qui
381 2873 428 2939 rei
450 2871 614 2937 &manae
637 2873 818 2957 prospiciat.
839 2871 937 2937 Hune
956 2891 1031 2958 ergo
1044 2875 1293 2960 sioalloquitur:

400 3035 498 3102 Serus
520 3035 554 3100 in
577 3035 702 3100 coelum
726 3035 846 3119 redeas,
868 3035 991 3120 diuque

399 3148 517 3216 Iactus
538 3149 667 3214 intersis
690 3149 809 3234 populo
831 3147 967 3232 Quirini,

399 3263 496 3330 Neve.
510 3269 543 3330 te
564 3266 683 3330 nostris
705 3265 792 3329 vitiis
815 3266 964 3349 iniquum

502 3375 505 3381 ’
534 3376 630 3443 Ocior
652 3398 731 3443 aura

398 3493 517 3571 Tollat3
541 3493 594 3558 hio
616 3513 752 3577 magnos
774 3494 882 3578 potius
906 3493 1095 3578 triumphos,

399 3608 463 3674 Hic
485 3627 573 3673 ames
596 3607 660 3672 dici
682 3611 771 3692 peter
792 3611 890 3690 etque
911 3607 1070 3692 princeps,

399 3721 471 3788 Neu
495 3722 582 3789 sinas
605 3718 716 3785 Medos
738 3720 881 3804 equitare
902 3719 1034 3803 inultos,

530 3833 574 3899 Te
597 3834 687 3917 duee,
711 3832 833 3901 Caesar.

222 4009 500 4077 Praestantissimo
533 4009 604 4087 hoc
627 4006 747 4073 ddum
781 4011 838 4089 est,
873 4012 905 4072 et
934 4006 1048 4072 vellem
1081 4009 1114 4073 in
1138 4009 1295 4078 vocabulo

177 4124 306 4190 tollat
339 4123 435 4188 tinem
465 4121 570 4188 iacere
598 4122 754 4207 potuisset
779 4118 949 4186 Horatius:
973 4121 1006 4185 in
1032 4124 1102 4207 ipsa
1125 4125 1211 4189 enim
1234 4124 1295 4192 Dei

178 4239 357 4326 praesentia
379 4238 491 4304 insum
513 4237 639 4319 omnia,
661 4239 828 4321 praesente
849 4235 908 4302 deo
932 4237 1039 4303 omnia
1060 4236 1185 4326 florent,
1204 4258 1295 4328 prae·
