2954 5130
706 485 769 548 176

182 674 214 735 et
248 670 301 734 alii
335 689 448 735 versus
472 671 652 756 complures
675 676 707 737 et
728 672 760 737 bi
785 692 803 738 e
825 675 1005 739 narratione
1027 675 1066 740 de
1088 675 1241 742 Procride
1261 682 1291 742 et

182 782 328 867 Cephalo,
351 784 470 867 quibus
492 786 615 849 Auram
639 784 795 871 Cephalus
818 787 1009 871 alloquitur:

314 995 634 1011 ...........
657 951 693 1012 tu
716 948 795 1011 mihi
816 968 933 1033 magna
954 949 1103 1033 uoluptas

313 1110 320 1124 .
344 1109 351 1123 .
375 1109 382 1124 .
406 1040 438 1123 .’
438 1108 632 1126 .......
654 1067 691 1125 tu
714 1081 766 1126 me
789 1061 957 1146 reficisque
982 1062 1139 1147 fovesque

312 1172 360 1238 Tu
382 1173 460 1238 iacis
483 1179 521 1238 ut
543 1174 650 1257 silvas,
673 1179 710 1239 ut
732 1194 835 1240 amem
857 1176 926 1240 loca
949 1175 1016 1240 sola
1039 1196 1177 1262 meoque

312 1287 449 1373 Spiritus
470 1290 531 1354 iste
554 1294 631 1354 tuus
654 1309 779 1374 semper
801 1296 945 1375 captatur
967 1290 1007 1355 ab
1031 1310 1094 1356 ore.

181 1484 376 1550 quamquam
398 1465 450 1529 hic
473 1485 514 1530 ne
537 1486 638 1530 unum
664 1467 794 1550 quidem
818 1472 866 1532 est
884 1467 1018 1532 verbum
1040 1469 1291 1554 quodinelegia,

180 1579 220 1644 de
254 1599 319 1663 qua
348 1581 482 1663 agimus,
511 1580 642 1664 legatur.
666 1579 728 1645 Sed
751 1582 902 1664 quoniam
928 1582 966 1646 de
991 1582 1170 1648 imitatione
1192 1582 1291 1648 Hora·

181 1693 276 1774 tiana,
307 1710 389 1774 quae
411 1691 497 1776 apud
520 1690 611 1756 Ovid.
633 1695 667 1756 in
689 1692 771 1758 lbist
793 1693 850 1771 IV,
875 1695 915 1758 10
939 1699 1096 1778 cernatur,
1120 1695 1292 1761 admodum

180 1804 362 1870 dubitanter
393 1804 537 1889 loquitur
567 1805 752 1890 Zingerleus
783 1806 843 1888 (bis
870 1809 956 1872 enim
983 1807 1173 1873 Germanico
1196 1809 1290 1874 verbo

184 1918 374 2000 „scheinen”
408 1919 520 2000 utitur)
551 1919 630 1984 alios
660 1922 852 2003 aspiciamus
883 1919 989 1984 Ovidii
1019 1920 1116 2005 locos,
1140 1925 1198 2006 qui
1220 1923 1290 1987 Zin-

181 2033 286 2118 gerleo
323 2032 431 2098 verbis
464 2052 506 2098 ex
540 2032 665 2098 Horatii
698 2036 838 2100 carmine
873 2034 930 2119 IV,
965 2038 984 2099 3
1018 2039 1157 2121 sumptis
1192 2039 1290 2103 ornati

180 2147 337 2211 ridentur.

223 2260 376 2326 Horatius
398 2280 473 2346 ergo
497 2262 574 2325 haec
600 2260 695 2325 habet

354 2424 468 2489 Totum
491 2425 634 2488 muneris
657 2424 717 2487 boc
740 2425 827 2507 tuist,

401 2537 492 2616 Quod
516 2543 675 2604 monstror
697 2539 796 2623 digito
821 2542 1092 2623 praetereuntium

354 2651 516 2718 Romanae
538 2652 653 2718 fidicen
675 2653 782 2734 lyrae;

400 2765 492 2844 Quod
515 2769 600 2851 spiro
624 2773 655 2832 et
677 2768 794 2852 placeo,
818 2769 846 2833 si
867 2768 984 2852 placeo,
1006 2772 1139 2834 tuomst.

225 2939 291 3023 „lla
314 2939 440 3004 omnia’'
465 2940 649 3024 Zingerleus
672 2943 717 3006 ait
741 2942 846 3028 „apud
868 2941 1020 3007 Ovidium
1043 2949 1215 3010 recurrunt
1235 2963 1289 3029 per

177 3057 235 3121 bos
259 3056 340 3119 duos
364 3055 466 3119 divisa
487 3055 592 3119 locos:

221 3170 311 3235 Trist
334 3169 360 3253 I,
384 3169 413 3251 6,
438 3169 474 3232 6:

309 3333 352 3399 Te
374 3351 445 3397 mea
468 3334 631 3417 supposita
653 3333 753 3399 veluti
776 3333 865 3398 trabe
887 3333 969 3398 fulta
990 3334 1131 3398 ruinast:

355 3446 389 3512 Si
412 3448 490 3531 quid
513 3446 617 3511 adhuc
639 3466 697 3532 ego
721 3467 803 3531 sum,
825 3449 969 3512 muneris
993 3465 1087 3512 omne
1111 3450 1192 3512 tuist

177 3626 209 3687 et
231 3641 249 3687 e
271 3621 362 3687 Pont
386 3620 443 3706 IV,
471 3621 522 3705 16,
545 3622 608 3686 28:

353 3784 541 3850 Pindaricae
563 3783 678 3849 fidicen
700 3787 736 3848 tu
760 3803 897 3868 quoque,
919 3783 1011 3867 Rufe,
1037 3784 1136 3865 lyrae.

221 3958 367 4044 Difficile,
386 3960 500 4043 hercle,
521 3963 569 4024 est
587 3957 698 4023 Latine
709 3956 859 4022 scribenti
871 3977 907 4022 ea
919 3960 1039 4023 evitare
1051 3958 1206 4025 vocabula
1219 3961 1288 4045 qui·

178 4073 238 4139 bus
258 4075 340 4140 alius
361 4074 491 4159 quidam
512 4093 592 4138 usus
611 4074 675 4137 iam
691 4073 741 4154 sit
753 4069 914 4137 difficilius
927 4073 1022 4136 etiam
1035 4074 1147 4137 versus
1159 4072 1288 4139 Latinos

178 4187 337 4254 scribenti
357 4187 420 4253 Hic
432 4207 507 4255 vero
520 4190 657 4272 siquam
669 4187 809 4251 maxime
820 4187 971 4270 cupiisset
984 4184 1118 4251 Ovidius
1130 4186 1289 4254 abstinere
