2954 5130
294 683 338 748 cf.
359 683 420 768 111,
444 684 472 767 9,
496 684 534 747 11
561 703 623 767 sq.:

335 843 344 879 ’·
382 843 484 922 Quem
508 845 601 908 modo
624 843 746 909 felicem
771 843 893 908 invidia
916 843 1091 907 admirante
1113 840 1267 925 ferebant,

425 957 521 1022 Nunc
544 958 665 1022 decimo
689 958 837 1022 admittor
859 958 915 1020 vix
937 975 995 1039 ego
1020 974 1148 1039 quoque
1171 954 1230 1018 die.

248 1132 310 1197 Sed
333 1137 365 1197 et
385 1131 444 1216 ΠΙ,
468 1133 518 1213 13,
544 1132 584 1195 21
609 1151 696 1216 sqq.:

381 1293 520 1380 Septima
544 1297 608 1359 iam
630 1295 743 1380 plenae
766 1294 936 1359 deducitur
958 1291 1059 1357 orbita
1080 1292 1185 1375 lunae,

427 1407 505 1472 (lum
529 1409 568 1473 de
591 1428 642 1473 me
665 1413 696 1473 61
719 1409 757 1473 de
779 1413 811 1473 te
834 1408 972 1492 compita
993 1406 1083 1470 nulla
1106 1409 1228 1471 tacent:

382 1521 506 1587 Interea
528 1520 620 1586 nobis
643 1541 708 1586 non
732 1541 900 1606 nunquam
923 1523 1021 1585 ianua
1043 1520 1157 1603 mollis

426 1634 499 1699 Non
523 1655 689 1720 nunquam
713 1636 787 1700 lecti
810 1636 900 1720 copia
923 1634 1005 1699 facta
1026 1635 1083 1699 tui.

295 1821 425 1907 Semper
457 1828 584 1908 paratos
613 1822 709 1887 habet
739 1827 921 1907 praetextus
945 1827 976 1887 61
998 1822 1123 1908 effugia.
1146 1821 1228 1887 Prae
1251 1824 1363 1888 ceteris

251 1942 356 2002 antem
377 1940 469 2022 po'e'ta
485 1935 581 2001 Isidis
600 1936 656 2001 illa
675 1937 834 2001 exsecrari
845 1956 935 2001 sacra
946 1937 1027 2000 solet
1037 1941 1200 2021 tamquam
1213 1955 1362 2021 magnam

250 2051 367 2116 doloris
401 2069 540 2135 causam,
571 2050 673 2134 deque
705 2051 769 2114 illis
799 2051 995 2134 lepidissime
1019 2054 1050 2115 61
1072 2049 1148 2114 alibi
1170 2051 1363 2116 lamentatur

253 2169 284 2230 61
306 2164 365 2249 111,
390 2165 440 2248 31,
466 2164 503 2228 1:

381 2326 495 2391 Tristia
517 2327 581 2391 iam
603 2327 740 2391 redeunt
762 2327 879 2391 iterum
903 2326 1069 2391 sollemnia
1097 2326 1207 2391 nobis:

427 2439 564 2524 Cynthia
586 2443 650 2506 iam
674 2447 783 2506 noctes
806 2445 855 2506 est
876 2448 1004 2527 operata
1028 2442 1146 2525 decem,
1169 2461 1194 2507 6.
1208 2462 1236 2526 q.
1250 2461 1275 2506 s.

249 2614 291 2679 Et
313 2615 441 2678 omnino
465 2618 513 2679 est
537 2615 692 2699 quaedam
716 2616 866 2680 simulata
887 2615 1102 2701 puellularum
1126 2617 1237 2701 pietas,
1255 2636 1362 2681 aman-

249 2727 336 2794 tibus
368 2729 599 2794 molestissima.
629 2728 710 2794 Ruri
740 2749 815 2813 ergo
839 2749 930 2795 suam
954 2729 1123 2812 cynthiam
1146 2749 1216 2796 esse
1240 2731 1363 2796 mavult

250 2847 342 2928 poeta
365 2862 460 2926 quam
484 2845 519 2906 in
542 2842 641 2908 urbe:
669 2842 779 2926 „Illic”
801 2845 886 2909 enim
910 2845 955 2908 ait
977 2843 1046 2927 (111,
1070 2845 1122 2930 12,
1147 2845 1188 2908 10
1212 2846 1287 2928 sq.):

384 3004 454 3069 Illic
477 3011 508 3070 16
531 3007 614 3070 nulli
635 3011 785 3091 poterunt
807 3026 1010 3092 corrumpere
1031 3007 1100 3072 ludi

425 3118 576 3205 Panaque
598 3122 735 3206 peccatis
758 3122 896 3207 plurima
920 3141 1017 3187 eausa
1039 3121 1113 3187 tuis.

294 3291 389 3358 Isidis
413 3298 518 3359 autem
541 3295 696 3360 solemnia
721 3295 917 3364 mulierculis
939 3294 1092 3360 Romanis
1115 3297 1296 3379 gratissima
1309 3296 1364 3361 scd

251 3406 432 3472 amantibus
463 3409 658 3473 invisissimas
680 3407 780 3474 fuisse
802 3415 834 3474 61
856 3409 910 3474 alii
933 3414 1056 3494 praeter
1078 3408 1279 3494 Propertium
1303 3413 1364 3474 tes·

251 3523 359 3585 tantur
380 3526 490 3606 politae
513 3527 544 3587 61
563 3521 711 3587 Tibullus
734 3523 760 3607 Ι,
785 3525 814 3607 3,
838 3525 879 3588 23
903 3544 967 3608 sq.:

384 3695 468 3774 Quid
491 3701 547 3763 tua
569 3717 657 3763 nunc
678 3697 740 3763 Isis
764 3699 852 3782 milri,
874 3697 974 3782 Delia,
998 3699 1075 3783 quid
1098 3698 1178 3762 mihi
1195 3705 1331 3783 prosunt

426 3813 510 3878 Aera
532 3818 589 3878 tua
611 3815 704 3879 toties
726 3814 782 3879 illa
803 3816 931 3900 repulsa
953 3813 1076 3879 manu?

295 3987 322 4051 ll
345 3987 461 4053 Tibulli
484 4008 559 4054 vero
583 4009 654 4055 eum
681 3989 846 4076 Propertio
867 3993 1100 4077 comparatione
1119 3996 1151 4057 61
1162 4010 1364 4058 communem

250 4101 342 4166 illum
366 4102 451 4187 apud
474 4103 560 4169 illius
584 4106 695 4170 aetatis
720 4110 828 4190 poetas
847 4105 947 4171 fuisse
966 4106 1071 4170 locum
1092 4104 1130 4170 de
1148 4105 1363 4190 puellularum

251 4217 348 4282 nimia
382 4217 498 4301 pietate
527 4237 716 4303 cognoscere
745 4224 836 4306 potes
867 4225 899 4285 61
922 4240 941 4285 6
963 4219 1128 4304 Propertio
1151 4220 1195 4283 ita
1217 4237 1287 4284 asse
1309 4219 1364 4285 ad·
