2954 5130
731 493 753 554 8

319 677 478 763 „Obsecro
497 698 565 764 vos,
590 698 747 765 quaenam
767 678 863 763 leges,
882 679 975 742 ciuus
995 677 1296 745 aetatis?Veterum

273 801 305 862 et
335 794 471 872 Catonis,
502 813 567 859 non
591 795 719 860 dixeris.
742 794 855 878 Itaque
878 798 1024 876 superest
1045 791 1211 857 Romulus.
1235 791 1297 857 Sed

272 911 341 994 ipse
363 907 521 972 Romulus
542 907 707 972 habitabat
728 908 763 971 in
786 926 859 972 oasa
881 907 921 971 de
944 907 1095 972 stramine
1118 910 1150 970 et
1171 906 1298 990 cespiti-

272 1023 333 1088 bus
362 1021 452 1086 facta
474 1020 542 1087 Neo
565 1021 680 1086 melius
703 1019 887 1086 habitabant
909 1020 1005 1085 ceteri
1028 1018 1172 1083 Romani.
1195 1018 1299 1102 quue

272 1135 431 1202 faciebant
465 1154 530 1200 non
564 1134 707 1218 oonsilio,
740 1153 805 1199 non
839 1134 919 1218 lege,
953 1152 1018 1197 non
1053 1133 1208 1217 exemplo,
1242 1133 1299 1198 sed

273 1252 467 1316 necessitate.
491 1246 610 1314 Omnes
634 1253 725 1313 erant
746 1266 910 1333 pauperes.
929 1247 972 1312 nt
990 1249 1018 1314 si
1036 1248 1095 1313 hae
1113 1247 1199 1333 leges
1218 1246 1298 1312 refe·

274 1363 390 1428 rendae
411 1364 476 1427 sint
499 1363 538 1427 ad
561 1367 695 1428 aetatem
718 1360 856 1444 Romuli,
880 1361 1039 1446 quomodo
1057 1360 1139 1425 illud
1158 1360 1298 1445 explices

275 1475 361 1561 quod
380 1475 508 1542 eaedem
527 1475 614 1561 leges
632 1477 786 1541 iusserint
804 1475 919 1560 oppida
937 1480 969 1540 et
987 1474 1105 1558 templa
1123 1492 1207 1539 novo
1219 1492 1298 1539 saxo

274 1589 445 1655 decorare?
464 1588 601 1654 Romani
623 1608 688 1654 non
707 1588 865 1654 habebant
876 1589 1000 1674 oppida,
1012 1606 1095 1672 quae
1106 1588 1299 1670 decorarent,

273 1707 397 1788 praeter
425 1702 567 1768 Romam.
598 1702 728 1788 Templa
750 1709 856 1768 autem
880 1722 945 1767 non
970 1703 1072 1787 magis
1095 1700 1299 1785 ornabantur,

274 1837 371 1902 quam
395 1817 488 1883 aedes
511 1818 661 1901 privatae,
685 1814 776 1881 ovid.
799 1816 884 1884 Fast.
906 1816 932 1900 Ι,
956 1816 1038 1881 201:

406 1990 528 2075 Iupiter
551 1995 687 2074 angusta
708 1991 768 2054 rix
789 1995 876 2056 totus
900 1989 1002 2056 stabat
1024 1993 1059 2055 in
1082 1992 1159 2057 aede

448 2103 553 2189 Inque
575 2105 662 2170 Iovis
685 2106 796 2170 dextra
818 2104 915 2171 fictile
935 2105 1056 2172 fulmen
1081 2105 1192 2172 srat''?

230 2279 400 2345 Horatium
434 2280 534 2344 multo
569 2279 671 2364 pluris
700 2279 840 2346 facerent
867 2300 977 2346 omnes
1000 2283 1028 2347 si
1051 2301 1125 2347 eum
1147 2284 1299 2347 carminis

187 2393 246 2477 III,
269 2395 289 2458 8
316 2394 448 2458 alteram
470 2397 591 2477 partem
613 2412 679 2457 non
704 2395 869 2478 scripsisse
892 2397 1018 2478 scirent,
1040 2396 1075 2459 in
1098 2416 1163 2480 qua
1185 2396 1300 2461 atalia

185 2506 343 2592 permulta
366 2507 474 2591 inepta
497 2506 639 2571 sollerter
662 2506 868 2591 deprehendit
887 2507 1126 2594 Peerlkampius
1145 2514 1177 2574 et
1196 2510 1299 2593 vigi·

185 2620 247 2684 les
269 2619 467 2685 lucernas
489 2619 629 2703 perfer
649 2621 692 2684 in
714 2620 848 2686 lucem
871 2641 936 2686 non
955 2622 1040 2687 adid
1052 2621 1296 2707 significandum

185 2732 332 2816 positum
355 2731 442 2815 quod
471 2732 574 2797 solum
598 2737 683 2798 recte
705 2751 742 2798 eo
768 2733 939 2818 significari
962 2739 1081 2819 potest:
1109 2736 1227 2818 „tolera
1248 2735 1299 2801 lu·

186 2863 297 2910 cernas
332 2846 466 2909 nimium
502 2845 704 2930 splendentes
734 2847 786 2912 vel
817 2848 898 2912 male
921 2848 1063 2915 olentes''
1086 2850 1142 2915 sed
1165 2851 1212 2915 sic
1234 2850 1300 2917 fere

186 2959 424 3043 accipiendum:
459 2959 608 3042 „celebra
640 2961 824 3026 convivium
846 2981 902 3046 per
925 2967 1022 3028 totam
1045 2969 1171 3029 noctem
1195 2983 1300 3048 usque

186 3074 227 3140 cd
249 3072 385 3139 lucem.''

231 3185 319 3270 Quis,
343 3192 381 3252 ut
402 3206 505 3252 unum
529 3189 624 3252 etiam
649 3188 699 3253 his
723 3188 845 3273 addam,
869 3209 934 3254 non
957 3194 988 3256 et
1012 3190 1245 3256 delectoribus
1269 3197 1300 3257 et

187 3300 227 3366 de
248 3301 317 3386 ipso
336 3298 468 3365 Horatio
493 3301 619 3384 egregie
641 3302 791 3366 meritum
814 3308 941 3368 censeat
963 3301 1300 3389 Peerlkampium,qui

188 3415 338 3479 carminis
359 3412 418 3496 111,
444 3414 484 3477 19
506 3419 630 3499 praeter
653 3415 673 3478 8
696 3433 810 3480 versus
832 3416 951 3500 primos
974 3422 1077 3483 cetera
1097 3418 1203 3481 omnia
1221 3423 1300 3482 tam·

188 3546 285 3611 quam
308 3531 400 3612 polita
420 3527 644 3612 indignissima
666 3528 972 3615 circumscripserit?
992 3531 1045 3594 An
1066 3535 1191 3615 poetam
1204 3550 1299 3617 quem

187 3657 341 3724 amemus,
381 3639 559 3724 diligamus,
593 3640 795 3725 admiremur,
825 3641 973 3708 lubenter
1002 3644 1162 3709 credimus
1190 3643 1299 3709 Musas

187 3757 348 3837 tamquam
371 3754 553 3838 impares
576 3773 747 3821 numero
771 3759 957 3841 opposuisse
980 3755 1106 3841 Gratiis,
1125 3778 1227 3843 quum
1239 3758 1299 3824 hae
1433 3760 1436 3768 '

188 3871 253 3932 tres
276 3868 349 3949 sint¹
371 3867 444 3933 illae
466 3868 607 3932 novem?

127 4095 128 4098 ’
223 4088 326 4197 Ωιιοά
360 4094 465 4156 autem
499 4092 532 4154 in
567 4093 728 4176 prooemio
764 4093 916 4179 dicebam,
950 4096 1088 4163 multum
1123 4096 1234 4163 abesse
1265 4105 1301 4164 ut

188 4204 328 4284 caritath
355 4203 485 4269 vinculo
507 4205 592 4270 inter
615 4225 649 4272 se
670 4206 858 4274 cohaereant
880 4211 1072 4277 recentiores
1094 4209 1219 4297 Horatii
1231 4211 1296 4277 cdi·
