2954 5130
768 506 809 572 78

236 691 386 758 mendane
409 691 533 757 civibus
555 691 727 757 Horatium
750 693 900 758 iuvenem
924 696 1048 777 politam
1074 695 1105 757 et
1127 692 1262 758 vixdum
1284 694 1354 758 eui·

239 826 336 890 quam
359 811 470 870 notum
494 804 651 889 Virgilius
671 805 804 888 volebat,
824 824 899 890 ergo
911 806 1084 870 sententias
1097 805 1184 870 illius
1197 805 1352 889 quasdam

238 921 307 985 suis
329 918 475 985 versibus
498 919 666 1001 inserebat,
688 920 871 984 immutatas
894 919 1066 1004 paululum
1089 924 1120 985 ot
1141 918 1285 1004 politas.''
1304 917 1354 985 De

238 1053 302 1117 qua
333 1033 515 1098 coniectura
542 1033 620 1117 quid
643 1052 788 1098 censeam
812 1053 878 1097 non
900 1052 1030 1118 possum
1057 1032 1171 1098 melius
1194 1052 1354 1117 exponere

239 1165 333 1231 quam
365 1151 502 1231 utroque
527 1147 669 1212 carmine
690 1147 803 1230 raptim
827 1145 1052 1231 percurrendo.
1075 1145 1134 1211 Est
1157 1151 1263 1211 autern
1286 1145 1355 1212 Ho-

238 1262 310 1327 ratii
340 1261 458 1346 epodon
488 1262 573 1326 haud
605 1263 755 1327 mediocri
777 1262 872 1328 laude
896 1263 1023 1347 diguus,
1045 1268 1077 1327 et
1099 1263 1260 1347 plerisque
1283 1265 1353 1329 eius

237 1375 347 1459 epodis
370 1376 487 1440 mirum
511 1381 667 1459 quantum
691 1381 837 1461 praestat.
857 1375 895 1440 ln
916 1396 980 1460 quo
1001 1377 1141 1461 primum
1162 1378 1354 1463 bunoagno-

239 1490 359 1554 scimus
383 1490 543 1572 virtutem,
566 1508 656 1574 quae
671 1490 705 1553 in
729 1490 844 1574 quovis
867 1489 1007 1554 carmine
1024 1492 1190 1576 permagni
1208 1489 1353 1556 facienda

238 1607 296 1685 est,
319 1603 405 1687 quod
428 1622 520 1668 veros
544 1594 643 1668 animi
666 1602 798 1667 affectus
821 1603 967 1667 versibus
992 1604 1060 1668 auis
1080 1605 1353 1689 exornaritpotta.

238 1715 288 1782 De
323 1717 418 1802 longo
452 1719 537 1782 enim
571 1722 602 1783 et
632 1716 757 1783 infinito
788 1716 871 1783 bello
900 1717 988 1781 civili
1016 1719 1062 1782 ita
1084 1717 1285 1801 lamentatur,
1309 1720 1355 1784 ita

239 1832 394 1915 queritur,
428 1836 465 1896 ut
497 1849 573 1897 vere
602 1832 725 1896 tristem
755 1829 975 1915 afflictumque
1005 1849 1079 1895 eurn
1104 1849 1173 1897 esse
1196 1833 1352 1916 equoris

237 1964 335 2011 versu
357 1945 481 2010 audias.
506 1943 599 2021 Quod
621 1946 707 2010 iusto
729 1943 858 2028 longius
878 1948 927 2009 est
949 1962 1076 2009 carmen
1097 1945 1260 2029 nimisque
1281 1945 1353 2010 rhe-

238 2060 337 2123 torico
380 2059 455 2123 fuco
490 2064 648 2143 ornatum,
683 2057 818 2123 libenter
850 2058 961 2122 iuveni
993 2062 1104 2141 poetae
1137 2058 1352 2142 ignoscimus:

238 2172 370 2237 modum
394 2178 502 2238 tenore
524 2173 641 2251 nescit3
662 2172 920 2256 quotusquisque
939 2171 1101 2235 seniorum
1122 2175 1169 2236 est
1182 2172 1238 2255 qui
1250 2171 1353 2236 sciat?

237 2284 312 2350 Non
347 2291 452 2351 tamen
484 2291 549 2350 tam
580 2285 619 2350 de
649 2304 709 2351 sua
737 2284 833 2349 laude
862 2284 1018 2349 sollicitus
1040 2284 1168 2350 videtur
1192 2304 1288 2369 quam
1312 2284 1352 2349 de

238 2401 358 2484 patriae
388 2399 498 2465 salute.
525 2398 778 2464 Admirationem
801 2416 877 2463 vero
900 2397 1034 2482 legentis
1057 2397 1117 2461 hoc
1139 2398 1260 2463 moveri
1284 2417 1352 2463 car·

238 2515 325 2578 mine
350 2514 423 2598 quis
442 2512 632 2579 contendere
651 2512 775 2597 possit?
794 2511 973 2597 Ingenuam
986 2511 1196 2578 adolescentis
1208 2532 1353 2579 amamus

238 2626 389 2709 indolem,
412 2645 508 2711 quern
530 2631 618 2691 tanto
649 2625 765 2691 afficiat
788 2625 896 2691 dolore
919 2625 1081 2690 calamitas
1103 2624 1247 2710 publica:
1274 2626 1353 2690 nihil

239 2745 348 2816 tamen
368 2739 422 2805 ille
443 2739 504 2805 fort
527 2739 612 2823 quod
633 2740 837 2827 vehementer
858 2739 982 2804 animos
1002 2743 1128 2804 nostros
1139 2739 1296 2823 percellat
1309 2740 1354 2804 At

238 2854 273 2918 in
296 2852 424 2939 Virgilii
454 2853 562 2938 ecloga
587 2853 747 2938 praeclara
768 2858 844 2919 sunt
867 2853 982 2936 omnia,
1005 2851 1086 2916 nihil
1107 2856 1156 2918 est
1179 2853 1264 2937 quod
1288 2871 1353 2917 non

240 2988 366 3033 summa
396 2968 530 3053 dignum
559 2969 706 3034 rideatur
735 2968 951 3033 admiratione.
982 2965 1107 3031 Vivunt
1129 2967 1163 3030 in
1187 2986 1224 3031 ea
1247 2968 1354 3032 omnia

239 3083 433 3166 spirantque.
462 3079 639 3147 Exsultans
662 3081 702 3146 ob
725 3101 834 3166 paoem
857 3081 1065 3166 compositam
1089 3084 1182 3164 putta
1204 3099 1264 3144 suo
1285 3082 1354 3164 ipse

238 3197 356 3282 gaudio
385 3197 549 3281 laetisque,
580 3216 661 3281 quae
690 3196 725 3260 in
755 3197 855 3280 ipsius
878 3173 983 3261 mente
1006 3214 1094 3259 nunc
1118 3214 1191 3259 cum
1215 3194 1354 3260 maxime

239 3313 427 3394 nascuntur,
449 3309 695 3395 cogitationibus
719 3311 844 3394 egregie
866 3311 969 3375 utitur
991 3309 1031 3373 ad
1050 3307 1272 3375 exornandum
1285 3327 1353 3373 car·

239 3443 314 3489 men
332 3422 586 3510 gratulatorium,
606 3422 694 3507 quod
711 3422 752 3487 ad
768 3423 906 3491 amioum
918 3420 1097 3487 Pollionem
1109 3422 1206 3487 mittit
1215 3421 1364 3486 laetissir

240 3558 328 3604 mum
364 3543 395 3604 et
429 3539 552 3624 ipsum:
584 3537 650 3603 filio
681 3540 767 3604 onim
797 3544 872 3604 nato
903 3539 1023 3622 optima
1044 3555 1191 3622 quaeque
1214 3537 1244 3602 ei
1265 3555 1355 3622 prae-

240 3654 323 3738 sagit
356 3653 491 3718 animus.
536 3649 621 3730 Quid
655 3658 761 3717 autem
796 3652 847 3718 his
881 3650 1077 3716 carminibus
1108 3668 1279 3715 commune
1313 3651 1355 3715 sit

239 3783 351 3849 rogare
374 3766 474 3850 possit
496 3765 748 3831 admirabundus
771 3766 828 3850 qui
851 3765 891 3830 de
909 3765 974 3830 illia
994 3784 1160 3849 nunquam
1179 3764 1353 3829 audiverit:

240 3878 376 3946 alterum
398 3881 483 3944 onim
507 3879 638 3964 plenum
661 3884 709 3944 est
730 3878 849 3964 gaudii,
871 3878 1007 3944 alterum
1027 3897 1046 3944 e
1065 3875 1356 3943 tristissimatluxit

241 3999 355 4060 mente.
389 3993 512 4078 Nempe
541 3992 696 4078 Virgilius
725 3993 864 4058 reditum
894 3994 984 4059 aurei
1012 3991 1132 4058 soeculi
1154 3992 1356 4077 vaticinatur,

240 4105 394 4173 Horatius
417 4107 550 4172 carmini
574 4126 633 4172 suo
655 4107 768 4172 inserit
790 4106 954 4171 beatorum
977 4106 1156 4173 insularum
1168 4105 1354 4193 descriptio·

242 4238 333 4287 nem:
368 4219 402 4285 hi
431 4226 537 4286 autern
567 4220 631 4285 loci
651 4226 717 4285 tam
739 4221 823 4286 inter
846 4239 881 4286 se
903 4220 1024 4287 similes
1046 4237 1172 4306 semper
1193 4219 1256 4290 visi
1278 4223 1357 4313 suut
