2954 5130
706 509 769 574 107

178 716 271 762 suam
300 697 490 762 sententiam
518 695 640 762 adanae
662 700 883 781 opponentem.
907 695 960 762 Sic
983 715 1086 782 quum
1107 696 1195 782 apud
1219 695 1297 762 Pro-

176 810 314 895 pertium
336 809 473 895 legimus
497 809 565 894 (IV,
591 809 623 894 4,
646 810 809 892 23-38):

267 996 376 1082 Atque
400 994 456 1061 ubi
477 998 542 1061 iam
564 995 723 1062 Venerem
745 997 853 1082 gravis
876 998 1078 1082 interceperit
1100 1003 1196 1084 actes,

310 1111 468 1196 sparserit
489 1115 522 1175 ct
545 1111 653 1195 nigras
676 1109 748 1175 alba
769 1114 898 1177 senecta
921 1130 1038 1195 comas,

266 1224 347 1291 Tum
371 1225 450 1290 mihi
472 1228 605 1290 naturae
627 1223 724 1289 libeat
746 1224 927 1308 perdiscere
949 1243 1064 1309 meres,

313 1337 392 1417 Quis
417 1338 497 1405 deus
520 1338 603 1403 hanc
626 1337 739 1402 mundi
761 1341 915 1423 temperet
937 1343 1005 1405 erte
1027 1339 1169 1425 domum,

268 1452 339 1532 Qua
361 1454 452 1518 venit
474 1453 632 1536 exoriens,
656 1471 722 1537 qua
745 1451 859 1536 deficit,
882 1452 968 1518 unde
990 1454 1107 1518 coactis

311 1563 470 1633 Cornibus
492 1566 526 1630 in
550 1565 683 1651 plenum
706 1568 871 1631 menstrua
894 1565 972 1631 luna
994 1566 1086 1651 redit,

266 1680 361 1748 Unde
383 1680 450 1747 selo
473 1679 746 1765 supereminenti,
772 1678 850 1764 quid
872 1678 1002 1747 flamine
1025 1685 1130 1766 captet

310 1794 429 1878 Eurus,
452 1799 483 1861 et
505 1795 541 1858 in
563 1793 667 1861 nubes
690 1793 776 1858 unde
797 1796 948 1880 perennis
973 1815 1067 1880 aqua,

265 1908 313 1975 Sit
335 1913 470 1975 ventura
492 1907 571 1991 dies,
594 1907 708 1973 mundi
732 1926 815 1993 quae
838 1907 973 1974 subruat
997 1927 1095 1994 arces,

310 2022 499 2109 Purpureus
521 2022 648 2107 pluvias
671 2040 729 2086 cur
750 2021 831 2087 bibit
853 2041 947 2087 arcus
971 2042 1080 2107 aquae,

266 2137 334 2202 Aut
357 2155 416 2201 cur
437 2135 609 2202 Perrhaebi
632 2140 791 2201 tremuere
814 2136 983 2201 cacumina
1003 2135 1108 2213 Pindi,

241 2338 245 2346 ³
310 2249 393 2315 Sulis
416 2254 448 2316 et
469 2249 579 2314 atratis
602 2249 723 2314 luxerit
746 2248 832 2314 orbis
856 2249 957 2334 equis,

267 2362 335 2430 Gur
356 2383 448 2430 serus
471 2382 598 2430 versare
621 2363 719 2430 boves
742 2368 775 2430 et
796 2364 940 2449 plaustra
963 2363 1089 2450 Bootes,

310 2478 479 2545 Pleiadum
502 2479 605 2563 spisse
628 2497 687 2542 cur
711 2478 775 2543 coit
797 2479 873 2563 igne
896 2478 1022 2563 chorus,

267 2589 372 2657 Curre
394 2611 472 2657 snos
494 2590 576 2658 11111
598 2591 699 2657 altum
722 2610 789 2656 non
811 2597 906 2659 exeat
927 2611 1047 2677 aequor

312 2705 434 2772 Plenus
458 2710 489 2773 et
511 2707 546 2770 in
569 2710 675 2790 partes
699 2710 837 2790 quatuor
859 2727 966 2773 annus
988 2712 1048 2792 eat,

178 2895 264 2961 haud
284 2896 392 2979 inepte
414 2895 616 2978 suspicemur
639 2912 713 2960 eum
736 2894 912 2979 praeclaros
936 2894 1009 2960 illos
1032 2913 1145 2961 versus
1169 2895 1298 2982 Virgilii

179 3010 303 3096 (Georg.
326 3009 369 3095 Π,
392 3009 457 3074 475
482 3010 581 3093 sqqt:

309 3196 362 3263 Me
384 3215 460 3262 vero
483 3197 623 3280 primum
648 3194 758 3260 dulces
782 3200 857 3262 ante
881 3196 988 3261 omnia
1010 3193 1123 3262 Musae

311 3310 455 3388 Quarum
478 3329 568 3375 sacra
589 3308 657 3374 fero
681 3311 806 3394 ingenti
829 3329 1003 3395 percussus
1026 3330 1133 3376 amore

308 3425 485 3508 Accipient,
509 3424 655 3508 caelique
678 3424 747 3488 vias
771 3429 803 3488 et
825 3424 930 3489 sidera
948 3429 1135 3508 monstrent,

310 3537 461 3604 Defectus
485 3538 562 3603 solis
585 3538 691 3602 varios
714 3537 875 3623 lunaeque
899 3537 1042 3604 labores:

307 3651 402 3718 Unde
425 3657 544 3717 tremor
567 3653 668 3736 terris,
692 3672 757 3737 qua
781 3653 814 3716 vi
838 3654 938 3717 maria
960 3652 1024 3718 alta
1042 3658 1224 3718 tumescant

310 3766 476 3833 Obiicibus
498 3768 603 3851 ruptis
626 3786 806 3852 rursusque
829 3769 863 3831 in
887 3787 921 3833 11
944 3769 1014 3853 ipsa
1037 3768 1187 3851 residant

309 3881 394 3959 Quid
417 3886 544 3948 tanturn
569 3880 696 3947 Oceano
719 3887 891 3966 properent
911 3901 946 3947 11
969 3885 1116 3966 tinguere
1140 3881 1223 3947 seles

308 3997 455 4080 Hiberni,
477 3997 528 4063 vel
552 4015 635 4081 quae
656 3996 756 4061 tardis
781 4016 871 4061 mora
895 3996 1044 4062 nectibus
1067 3996 1178 4062 obstet

306 4111 365 4177 Sin
386 4111 445 4176 has
468 4129 509 4176 ne
532 4111 653 4195 poesim
676 4115 809 4175 naturae
832 4110 982 4176 accedere
1005 4115 1112 4196 partes
1175 4089 1177 4094 ⁵

304 4224 455 4312 Frigidus
478 4224 637 4290 obstiterit
659 4225 783 4290 circum
806 4223 992 4310 praecordia
1014 4225 1157 4310 sanguia,
