2954 5130
708 516 769 579 181

179 703 312 767 Horatio
336 722 428 787 opem
451 704 611 787 petivisse.
636 703 679 767 dt
702 704 806 767 aliena
828 721 888 788 ope
912 700 1026 766 Ovidio
1046 722 1127 788 opus
1148 701 1300 785 nonfuit,

178 836 285 901 neque
320 818 348 882 si
377 817 532 882 voluisset
562 835 600 881 aa
631 818 679 880 uti
710 817 873 900 potuisset
903 815 1042 881 Prorsus
1065 815 1150 880 enim
1173 835 1295 881 novum

178 930 338 1014 quoddam
362 949 403 995 cx
426 930 486 995 hoc
508 929 577 994 loco
599 929 683 995 fecit
706 928 795 994 Usus
814 931 877 993 iam
897 934 963 995 erat
982 928 1150 995 vocabulis
1170 949 1298 1015 aurea

179 1049 310 1126 actas,
346 1063 410 1107 non
441 1062 516 1127 crgo
548 1044 576 1108 ei
600 1042 710 1107 multis
733 1062 814 1126 opus
837 1047 904 1107 crat
926 1042 1076 1108 versibus
1099 1043 1139 1108 ad
1165 1043 1295 1108 demon·
1412 1028 1416 1035 ⁴

179 1156 344 1221 strandum
370 1161 489 1241 quanta
511 1161 579 1221 tum
603 1155 717 1221 fuisset
739 1155 905 1220 hominum
928 1155 1078 1237 felicitas;
1102 1156 1189 1221 illam
1210 1157 1295 1222 enim

178 1289 290 1335 omnes
316 1275 472 1337 noverant
493 1269 635 1335 lectores.
659 1268 721 1334 Sed
746 1271 868 1335 nescire
891 1288 946 1334 eos
968 1268 1061 1354 fingit
1085 1289 1167 1354 quae
1190 1275 1296 1337 tantae

176 1384 336 1450 felicitatis
360 1404 456 1449 cansa
478 1384 591 1450 fuerit:
615 1389 781 1450 enumerat
804 1403 878 1469 ergo
898 1385 1063 1449 hominum
1085 1385 1294 1471 pristinorum

179 1501 321 1583 virtutes,
342 1501 591 1584 praesertimque
610 1501 644 1564 in
666 1518 775 1565 eorum
789 1500 990 1584 simplicitate
1001 1498 1160 1565 laudanda
1171 1501 1294 1565 multus

177 1617 242 1678 est:
278 1612 370 1695 „Non
405 1613 487 1678 bella
520 1619 589 1678 turn
622 1612 733 1678 erant”
763 1615 807 1678 ait
840 1633 924 1696 „non
948 1632 1059 1697 naves,
1078 1633 1144 1679 non
1168 1614 1295 1697 iudicia,

177 1747 243 1790 nou
277 1746 391 1811 graves
424 1726 576 1792 labores'’.
606 1727 668 1793 His
690 1729 755 1793 iam
777 1729 823 1793 ita
845 1728 999 1811 expositis
1023 1735 1105 1813 opus
1129 1729 1224 1793 etiam
1248 1733 1297 1793 est

178 1846 251 1925 apta
281 1841 559 1907 demonstrationis
586 1841 747 1922 clausula3
771 1843 831 1907 hoo
854 1842 940 1907 enim
966 1840 1081 1907 Ovidio
1104 1862 1178 1907 oum
1202 1841 1296 1907 bonis

163 1954 358 2029 oratoribus
392 1974 562 2020 commune
597 1960 645 2020 est
675 1955 762 2040 qnod
793 1974 918 2039 semper
949 1955 1093 2040 singulas
1116 1956 1293 2020 carminum

177 2074 283 2153 partes
317 2076 463 2134 accurate
497 2069 592 2134 habet
623 2069 807 2154 dispositas;
843 2069 921 2133 nihil
954 2070 1052 2152 deest,
1077 2088 1182 2154 neque
1206 2087 1296 2135 exor-

179 2183 266 2248 dium
293 2201 398 2268 nequo
428 2185 576 2266 narratio,
598 2202 705 2268 neque
727 2185 970 2269 argumentatio,
993 2202 1099 2268 nequo
1121 2184 1295 2270 perorati03

179 2298 256 2362 hacc
291 2316 366 2362 vero
396 2303 509 2382 sponte
539 2316 573 2362 sc
604 2297 769 2362 offerebat:
783 2297 940 2362 addenda
963 2299 1057 2362 etiam
1081 2317 1183 2384 pauca
1206 2302 1295 2363 erant

179 2410 334 2476 debonis
358 2410 475 2496 quibus
499 2416 568 2476 tum
591 2416 673 2475 terra
695 2410 853 2476 affluebat.
877 2411 928 2475 ibi
951 2430 1027 2476 vero
1050 2412 1217 2476 notissima
1239 2411 1295 2476 illa

179 2524 218 2590 de
247 2545 323 2609 agro
358 2530 471 2609 sponte
505 2524 614 2610 fruges
648 2524 768 2590 ferente
803 2525 906 2609 deque
937 2525 1030 2591 melle
1055 2544 1097 2590 ex
1127 2524 1294 2591 arboribus

179 2644 328 2703 manante
350 2638 475 2704 silentio
498 2640 660 2723 praeteriri
683 2658 748 2703 non
771 2643 923 2724 poteraut.

222 2754 311 2818 Artis
334 2754 476 2837 magicae
498 2752 683 2837 frequenter
705 2753 790 2837 apud
814 2772 924 2818 omncs
947 2757 1056 2837 poetas
1074 2751 1205 2818 Latinos
1224 2751 1293 2818 fieri

178 2869 371 2933 montionem
396 2870 471 2952 quis
493 2868 611 2953 neget?
634 2866 683 2933 De
704 2887 741 2933 ea
760 2873 867 2933 autem
887 2869 931 2932 ita
943 2867 1114 2933 Horatium
1128 2866 1294 2932 Ovidium·

179 3001 243 3066 quc
274 2982 363 3067 loqui
393 2981 529 3047 affirmat
560 2981 745 3067 Zingerleus
776 2987 812 3047 ut
834 2986 883 3046 sat
906 3002 1042 3067 magnus
1066 2982 1150 3047 inter
1174 3001 1228 3048 eos
1252 2983 1294 3048 sit

178 3115 364 3162 consensus.
389 3095 576 3161 Germanica
599 3097 660 3160 viri
682 3097 768 3161 docti
791 3095 888 3162 verba
913 3100 1005 3160 sunt:

311 3279 372 3347 Dic
412 3281 788 3366 Uebcrcinstimmungon
830 3283 988 3347 zwischcn
1032 3281 1185 3347 Horatius
1227 3282 1295 3347 und

225 3407 227 3411 ’
269 3394 403 3484 Ovidius
433 3397 535 3481 gehon
559 3397 641 3460 auch
664 3397 707 3460 im
731 3397 923 3462 Ausdrucke
945 3394 1126 3459 manohmal
1148 3394 1293 3460 ziemlioh

268 3512 319 3575 ius
340 3509 503 3575 Einzelnc.

223 3733 323 3798 Cuius
346 3735 520 3799 sententiae
543 3734 621 3798 haec
644 3734 733 3798 affert
756 3737 961 3819 argumento:

223 3922 354 4008 Legitur
376 3922 460 4007 apud
483 3921 655 3987 Horatium
678 3920 751 4004 (Sat.
772 3920 798 4005 L
821 3922 851 4004 8,
875 3923 945 4003 23):

312 4108 388 4172 Vidi
410 4112 535 4192 egomet
557 4109 649 4191 nigra
672 4107 866 4171 succinctam
889 4105 1004 4170 vadere
1026 4105 1110 4190 palla

314 4222 476 4287 Canidiam
500 4220 635 4306 pedibus
657 4221 753 4286 nudis
776 4239 936 4305 passoque
959 4220 1082 4305 capillo.
