2954 5130
288 691 348 776 111,
371 694 423 776 24,
448 694 464 756 1
489 712 536 777 sq.

376 856 519 941 Iuppiter
540 855 668 920 affectae
690 856 819 921 tandem
847 858 998 922 miserere
1020 859 1160 942 puellae:

418 970 495 1034 'lam
516 969 655 1034 formosa
676 976 769 1034 tunm
793 976 919 1035 mortua
942 973 1065 1037 crimen
1092 975 1160 1038 erit

287 1132 346 1217 111,
369 1134 421 1216 25,
446 1133 464 1194 t
489 1151 537 1216 aq.

375 1297 497 1362 Sinon
521 1299 629 1380 nnius,
653 1316 782 1382 quaeso,
804 1299 955 1363 miserere
979 1299 1128 1383 duorum,

421 1411 547 1493 Vivam,
569 1413 598 1476 si
621 1413 723 1476 vivet:
749 1413 777 1475 si
800 1411 891 1476 cadet
914 1412 977 1495 itta
1000 1414 1119 1478 cedam.

289 1573 348 1658 ΠΙ,
371 1575 423 1659 26,
448 1574 468 1637 3
497 1594 544 1658 sq.

376 1737 459 1802 Sunt
482 1736 567 1821 apud
589 1736 730 1802 infernos
752 1741 799 1802 tet
821 1737 908 1800 milia
930 1736 1161 1805 formosarum:

419 1848 557 1914 Pulchra
581 1851 677 1915 sitin
700 1850 833 1934 superis,
856 1849 989 1934 silicet,
1011 1872 1077 1916 una
1101 1854 1188 1919 locis.

287 2012 329 2078 ut
363 2030 433 2078 esse
465 2016 553 2076 tanto
588 2011 715 2095 dignam
750 2030 856 2077 amore
887 2011 1057 2094 cynthiam
1089 2015 1200 2080 lectori
1228 2016 1361 2084 firmiter

244 2126 413 2212 persuadet
444 2129 541 2208 potita.
573 2122 652 2201 Quis
679 2125 763 2188 enim
786 2125 826 2189 de
848 2126 966 2189 eximia
988 2126 1076 2191 illiue
1099 2127 1200 2193 forma
1226 2128 1360 2215 dubitet,

246 2239 285 2305 de
319 2259 382 2324 qua
415 2239 526 2324 legerit
559 2239 730 2322 pulchrum
760 2257 887 2303 carmen
911 2238 935 2316 Ι,
958 2240 987 2321 2,
1018 2260 1081 2324 quo
1103 2241 1150 2304 illi
1175 2243 1266 2306 nullo
1290 2262 1359 2309 esse

245 2360 359 2419 ornatu
389 2372 469 2438 opus
501 2353 703 2436 demonstrat,
733 2371 872 2436 quocum
903 2352 1046 2418 conferas
1070 2354 1139 2439 (HI,
1163 2356 1215 2438 ll,
1240 2357 1258 2418 7
1284 2359 1358 2441 aql:

378 2514 427 2580 De
450 2533 510 2597 me,
532 2533 584 2579 me
606 2520 690 2579 certe
712 2515 829 2599 poteris
851 2513 988 2580 formosa
1011 2515 1129 2598 videri3

424 2627 470 2693 Mi
492 2627 630 2692 formosa
654 2632 703 2692 sat
724 2646 768 2711 es,
790 2630 817 2692 si
841 2628 934 2693 modo
957 2647 1051 2714 saepe
1074 2631 1173 2695 venis.

290 2791 403 2877 Neque
422 2791 558 2855 inaniter
576 2793 700 2875 potitam
713 2789 887 2854 declamare
899 2790 948 2854 hie
960 2790 1106 2857 versibus
1118 2791 1171 2877 (11,
1183 2795 1215 2877 2,
1229 2795 1269 2858 13
1282 2800 1340 2880 sq.)
1352 2818 1359 2861 :

379 2952 486 3018 Oedite
509 2953 582 3034 iam,
605 2953 705 3035 divae,
728 2971 808 3036 quas
830 2957 938 3037 pastor
961 2953 1083 3019 viderat
1106 2955 1181 3020 olim

421 3065 526 3132 Idaeis
549 3068 674 3131 tunicas
698 3085 816 3150 ponere
840 3067 1021 3152 verticibuq

248 3234 373 3314 propter
402 3237 504 3293 cetera
534 3229 642 3292 omnia
670 3226 818 3293 lubenter
839 3229 1006 3294 credimus.
1030 3228 1092 3295 Sed
1117 3232 1189 3316 quie
1214 3253 1359 3319 unquam

249 3344 422 3429 quidquam
456 3361 490 3408 se
521 3361 561 3407 ex
593 3343 653 3406 hoc
675 3361 790 3428 genere
813 3343 928 3428 legisse
951 3343 1093 3429 affirmet,
1117 3348 1203 3430 quod
1225 3351 1360 3414 carmini

246 3456 294 3521 illi
329 3456 367 3521 de
383 3510 386 3517 .
402 3454 537 3538 Cynthia
571 3456 746 3521 dormiente
780 3462 925 3541 praestet,
961 3476 978 3522 e
1010 3477 1074 3542 quo
1105 3460 1361 3546 haecaffer0(1‚

249 3571 278 3654 3,
302 3570 342 3633 27
368 3571 464 3654 eqq.):

379 3729 421 3795 Et
444 3731 592 3815 quotiens
614 3750 685 3795 raro
709 3731 803 3797 duxti
827 3733 966 3818 suspiria
988 3738 1086 3817 motu,

424 3841 582 3928 Obstupui
605 3863 688 3909 vano
711 3845 860 3911 credulus
883 3847 1034 3930 auspicio,

380 3956 429 4021 Ne
453 3977 515 4042 qua
538 3956 596 4022 tibi
619 3958 764 4023 insolitos
786 3964 949 4044 portarent
973 3961 1042 4025 visa
1066 3962 1206 4046 timores,

425 4070 513 4137 Neve
537 4072 609 4155 quis
631 4073 763 4136 invitam
787 4078 912 4158 cogeret
935 4091 1005 4138 esse
1028 4093 1128 4139 suam.

705 4288 897 4301 m
