2954 5130
656 485 697 549 73

114 674 206 740 locus
238 673 318 738 mihi
351 671 565 738 Horatianum
599 673 707 739 locum
740 673 776 737 in
807 676 945 739 mentem
976 672 1118 758 vocabat,
1140 675 1233 741 illum

116 788 285 873 eleganter,
319 785 468 871 breviter,
497 787 664 872 perspicue
694 787 816 853 dixisse
840 786 1048 853 observabam
1071 789 1159 873 quod
1181 790 1233 855 hic

114 901 224 967 inutili
256 900 329 966 fuco
364 906 397 966 et
430 902 521 966 inani
554 900 745 967 verbositate
779 902 974 986 corrupisset
1003 903 1105 988 magis
1123 924 1233 988 ¹quam
1333 920 1336 924 ⁴

116 1017 302 1081 ornavisset.
338 1013 485 1080 Sciebam
517 1019 679 1100 praeterea
713 1016 800 1080 viros
836 1015 954 1100 doctos,
989 1017 1047 1100 qui
1077 1017 1233 1083 antehoc

116 1128 280 1196 saeculum
313 1130 482 1213 vixissent,
518 1148 593 1194 cum
625 1129 733 1194 dolore
765 1128 902 1214 quodam
935 1130 1131 1214 quaesivisse
1154 1130 1232 1215 quid

116 1247 200 1309 esset
230 1242 317 1328 quod
346 1241 386 1307 de
408 1241 540 1307 Horatio
563 1246 620 1307 aut
641 1261 774 1327 prorsus
797 1248 903 1308 tacere
925 1242 1063 1309 solerent
1083 1243 1233 1328 aequales

116 1357 237 1442 quique
271 1357 301 1422 ei
335 1360 436 1445 aetate
467 1374 621 1440 suppares
651 1360 766 1440 essent,
797 1360 861 1440 aut,
884 1357 912 1422 si
934 1355 1016 1422 forte
1039 1359 1232 1424 mentionem

117 1471 186 1536 eius
220 1470 396 1553 iniicerent,
425 1469 520 1534 inviti
545 1469 578 1534 id
601 1467 704 1534 facere
727 1473 760 1534 et
783 1489 880 1554 quam
902 1471 1104 1554 paucissimis
1126 1470 1233 1537 verbis

115 1584 309 1649 viderentur.
340 1582 383 1648 nt
416 1587 492 1648 nota
524 1582 605 1647 mihi
638 1588 705 1648 erat
733 1585 917 1649 coniectura
948 1604 1012 1670 qua
1035 1604 1120 1649 anno
1146 1585 1232 1648 1785

116 1697 282 1763 Meierotto
311 1696 399 1762 illam
427 1696 550 1762 solvere
573 1698 792 1781 quaestionem
815 1702 950 1763 conatus
973 1703 1037 1764 est:
1061 1697 1232 1764 Horatium

116 1812 202 1878 enim
236 1811 386 1876 maiorem
414 1809 516 1876 fuisse
547 1811 660 1875 statuit
690 1830 788 1895 quam
820 1812 877 1894 qui
899 1809 939 1876 ab
961 1811 1149 1896 aequalibus
1173 1832 1233 1878 suo

115 1925 217 2010 pretio
260 1925 421 1990 aestimari
461 1929 578 2009 posset
614 1922 703 2000 Quae
736 1925 919 1990 coniectura
952 1926 1028 1992 licet
1062 1927 1140 1991 mihi
1174 1917 1233 1991 mi-

115 2040 202 2104 nime
236 2038 451 2103 arrideret-
477 2057 582 2122 neque
613 2039 696 2103 enim
730 2039 809 2102 mihi
839 2044 927 2103 tanto
951 2040 1055 2103 carior
1077 2045 1144 2105 erat
1166 2039 1233 2106 Ho-

115 2151 218 2244 ratius
253 2170 348 2235 quam
382 2148 548 2235 Virgilius,
579 2148 724 2235 Ovidius,
756 2150 951 2235 Propertius,
981 2170 1086 2236 neque
1108 2153 1136 2217 is
1159 2172 1232 2218 snm

117 2266 175 2351 qui
208 2265 280 2330 illos
312 2265 397 2330 solos
427 2265 566 2329 admirer
594 2265 731 2331 artifices
763 2285 845 2350 quos
868 2265 970 2331 futuri
994 2266 1114 2332 saeculi
1137 2287 1233 2332 causa

116 2381 225 2445 vivere
253 2379 305 2444 vel
331 2380 452 2444 vixisse
474 2378 559 2443 fama
582 2384 689 2444 est-
719 2384 826 2445 tamen
849 2378 1066 2445 Meierottonis
1088 2378 1231 2445 libellum

115 2495 150 2559 in
176 2493 235 2557 hac
260 2493 446 2577 quaestione
468 2511 525 2576 pro
548 2491 756 2557 fundamento
776 2511 846 2558 esse
866 2491 1108 2557 debere'etolim
1122 2496 1234 2558 censui

117 2612 149 2673 et
170 2626 258 2671 nunc
281 2607 375 2671 etiam
401 2624 524 2671 censeo.
548 2604 622 2671 Non
645 2607 730 2670 enim
750 2606 856 2670 solum
876 2606 960 2671 lectu
980 2607 1233 2673 iucundissimus

116 2725 174 2804 est,
207 2719 327 2801 Heynii
362 2719 518 2803 discipulo
554 2719 772 2804 dignissimus,
808 2719 864 2785 sed
899 2721 994 2785 etiam
1029 2720 1233 2787 doctissimus

116 2833 297 2918 plenusque
320 2850 428 2897 rerum
453 2851 541 2896 nnnc
564 2833 658 2896 etiam
683 2833 814 2917 cognitu
834 2852 989 2917 perquam
1009 2834 1146 2899 utilium.
1159 2834 1234 2900 Non

117 2946 261 3031 undique
284 2945 416 3010 corrasit
438 2946 592 3010 minutias
615 2946 749 3029 scriptor
772 2944 891 3029 quibus
913 2946 1063 3011 lectorem
1086 2947 1234 3014 obrueret

117 3078 274 3144 suamque
304 3063 476 3124 ostentaret
506 3058 691 3141 doctrinam,
719 3078 785 3123 non
810 3060 972 3125 materiem
997 3060 1126 3145 collegit
1149 3061 1234 3126 unde

117 3172 299 3239 cuiusmodi
317 3176 439 3256 posset
470 3170 650 3236 aedificium
681 3170 752 3237 fieri
773 3174 843 3257 ipse
865 3173 1002 3238 nesciret
1025 3210 1066 3220 -
1090 3174 1233 3239 nondum

117 3287 203 3352 enim
238 3285 293 3350 illa
328 3284 488 3350 scribendi
517 3286 597 3351 ratio
628 3286 662 3349 in
688 3286 908 3350 honoretunc
931 3290 1062 3351 erat-
1088 3287 1144 3352 sed
1165 3289 1234 3372 ipse

116 3405 220 3465 totum
243 3395 370 3484 posuit:
395 3417 413 3462 e
435 3399 546 3482 paucis
569 3399 625 3463 sed
648 3399 867 3465 disertissimis
890 3400 969 3464 locis
993 3400 1176 3484 aequalium
1195 3401 1234 3466 de

115 3513 250 3580 Horatio
273 3513 430 3577 iudicium
455 3511 549 3596 quale
571 3511 668 3578 fuerit
689 3512 821 3597 efficere,
846 3514 961 3580 deinde
981 3533 1039 3578 cur
1057 3515 1121 3580 tale
1138 3515 1240 3582 fuerit

116 3628 299 3692 coniectura
322 3628 452 3709 assequi
474 3631 616 3691 conatur.
639 3628 748 3710 Atque
770 3628 805 3691 in
828 3628 888 3692 hac
907 3628 1037 3713 quidem
1056 3630 1235 3713 partemihi

116 3760 231 3827 parum
264 3739 366 3805 fuisse
399 3739 478 3804 felix
513 3741 655 3823 videtur;
691 3743 725 3805 in
757 3741 823 3824 illa,
851 3742 925 3807 licet
955 3762 1020 3806 non
1050 3743 1145 3828 plane
1167 3762 1234 3809 rem
1341 3801 1344 3806 .

118 3875 192 3922 eum
231 3875 290 3920 acu
326 3856 468 3940 tetigisse
503 3856 639 3939 credam,
674 3861 780 3920 tamen
815 3857 900 3920 viam
935 3855 974 3920 ab
1008 3875 1046 3921 eo
1079 3863 1234 3921 monstra-

117 3975 181 4036 tam
213 3969 327 4054 opinor
356 3989 375 4032 a
406 3988 471 4052 qua
501 3987 542 4034 ne
565 3988 654 4033 nunc
678 3970 808 4054 quidem
830 3970 926 4055 longe
947 3971 989 4035 sit
1011 3949 1234 4035 recedendum.

118 4082 293 4169 Postquam
330 4081 415 4145 enim
451 4100 529 4145 sano
563 4081 734 4168 sobrioque
762 4082 881 4147 iudicio
913 4083 1070 4168 quidquid
1099 4085 1134 4149 in
1164 4104 1232 4149 rem

116 4196 192 4262 facit
219 4195 400 4281 pensitavit,
431 4195 491 4260 hoc
513 4197 640 4261 statuit:
663 4214 721 4281 per
743 4202 871 4262 centum
895 4195 961 4262 fere
983 4216 1085 4262 annos
1107 4202 1231 4263 tantmn
