2954 5130
705 495 768 559 152

178 704 348 751 causarum
382 688 535 769 patronus
566 687 597 748 et
629 680 785 747 bonarum
818 683 935 747 arbum
960 680 1107 767 plenus.’'
1131 681 1301 760 Quomodo

178 819 253 884 ergo
287 803 389 884 poeta,
422 799 450 863 si
483 816 594 862 revera
625 797 689 860 iam
720 797 749 860 is
780 796 908 881 estqui
930 794 1066 861 Veneris
1089 797 1157 860 vim
1182 798 1302 863 sentire

178 933 243 979 non
273 913 382 997 possit,
413 917 520 976 tamen
551 929 620 976 eam
643 929 758 975 nusus
780 909 864 974 bella
888 927 1015 975 movere
1037 911 1160 975 sentit?
1183 910 1247 976 Sed
1270 916 1302 976 et

177 1028 254 1091 hinc
287 1027 392 1091 omnis
425 1025 543 1089 amoris
577 1043 693 1089 sensus
729 1024 841 1108 procul
876 1024 993 1089 exulat.
1026 1022 1195 1101 Quomodo
1228 1044 1302 1091 vere

178 1142 298 1206 amanti
321 1143 546 1225 argumentum
570 1136 771 1203 tractandum
793 1137 907 1203 luisset
929 1138 1088 1219 vidimus3
1114 1158 1205 1204 nnnc
1223 1139 1301 1204 haec

179 1257 247 1322 sola
277 1255 425 1340 cogitatio
452 1258 576 1338 poetam
607 1257 797 1337 occupatum
829 1254 971 1318 tenuisse
994 1252 1138 1318 videtur:
1166 1252 1302 1336 „Nonne

178 1389 263 1435 novo
287 1370 465 1433 carminum
490 1367 646 1432 volumini
669 1367 765 1431 otiam
788 1366 909 1451 aliquid
932 1367 972 1432 de
995 1386 1102 1431 amore
1114 1367 1300 1433 addendum

178 1484 251 1549 est?
285 1483 389 1567 Turpe
420 1482 461 1547 sit
492 1486 604 1566 poetae
631 1481 733 1563 lyrico
757 1480 797 1545 de
819 1481 874 1546 illo
897 1486 1011 1564 tacere,
1034 1499 1110 1566 argo
1135 1481 1175 1546 de
1197 1481 1300 1547 Paulo

179 1596 321 1662 Maximo
356 1615 518 1678 canamus,
552 1614 627 1659 nam
659 1594 745 1680 qnod
777 1594 817 1659 ad
849 1614 900 1659 me
929 1596 1037 1680 ipsum
1060 1596 1200 1680 pertinet
1223 1594 1300 1681 quid

180 1730 269 1776 amor
299 1711 341 1775 sit
365 1711 480 1775 nescio.
507 1710 551 1773 At
574 1709 634 1773 hoc
658 1710 685 1773 si
708 1708 748 1773 de
772 1727 824 1774 me
845 1708 968 1774 fatebor
989 1708 1141 1774 ridebunt
1164 1729 1217 1775 me
1240 1710 1300 1775 leo

179 1829 271 1908 tores,
294 1823 398 1909 deque
422 1842 492 1888 mea
514 1823 607 1904 lyrici
630 1826 740 1907 poetae
762 1821 847 1886 fama
870 1827 978 1886 actum
997 1823 1065 1888 orit
1085 1821 1300 1908 Quidagam?

178 1938 355 2004 Pulchrum
377 1936 568 2022 Ligurinum
590 1937 654 2001 huc
677 1936 797 2001 traham
822 1934 996 2001 vinctum’'.
1169 2016 1170 2019 Ἴ

222 2051 271 2118 Na
305 2070 379 2136 crgo
414 2051 512 2115 nimis
546 2052 650 2116 severi
682 2051 717 2114 in
748 2054 875 2134 potitam
907 2051 1009 2115 simus
1040 2051 1135 2136 eique
1159 2071 1301 2137 spurcos,

178 2169 306 2249 taetros,
333 2163 563 2230 abominandos
586 2183 710 2229 amores
733 2163 982 2249 exprobremus:
1009 2166 1066 2249 qui
1090 2165 1178 2230 anim
1201 2171 1301 2232 semet

177 2281 284 2364 ipsum
308 2282 437 2343 accuset
459 2277 557 2342 simul
575 2277 668 2342 nobis
688 2277 818 2362 praebet
838 2283 1026 2362 argumenta
1046 2278 1166 2364 quibus
1178 2279 1299 2345 nullam

177 2392 397 2458 incoluisse
420 2392 548 2477 culpam
570 2411 627 2477 pro
650 2396 734 2456 certo
759 2397 890 2458 constet
914 2392 1063 2458 Alterum
1087 2394 1175 2478 quod
1200 2394 1299 2460 estde

178 2503 332 2591 Ligurino
356 2525 482 2571 carmen
507 2504 561 2588 (X)
582 2507 784 2590 aspiciamus.
804 2505 983 2571 Pulchrum
1002 2506 1094 2571 illum
1115 2528 1134 2572 a
1154 2527 1189 2574 sa
1200 2511 1300 2573 amari

179 2638 315 2705 puerum
337 2618 474 2683 affirmat
496 2623 596 2703 potita,
620 2618 676 2684 sed
698 2618 834 2700 frustra3
860 2619 1020 2685 crudelem
1045 2623 1219 2688 enimcum
1232 2641 1301 2709 assa

178 2737 210 2797 et
232 2751 266 2797 sa
289 2751 429 2817 suasque
453 2734 617 2817 aspernari
639 2751 756 2817 preces.
779 2732 866 2817 Elrgo
890 2735 920 2798 ai
939 2735 1081 2799 minatur
1101 2742 1132 2800 et
1150 2736 1300 2802 instantis

179 2865 254 2911 eum
289 2844 437 2910 admonet
469 2846 612 2930 periculi.
651 2845 786 2928 „Nunc”
818 2849 863 2911 ait
897 2851 953 2928 „tu
984 2847 1139 2933 superbis,
1172 2869 1250 2915 mox
1271 2860 1301 2916 ta

180 2963 330 3043 spamant
363 2958 447 3022 alil.''
482 2960 526 3024 At
556 2960 636 3023 nihil
667 2960 720 3024 hic
750 2979 830 3045 puer
851 2960 947 3027 habet
970 2962 1058 3046 quod
1080 2968 1221 3045 metuat;
1246 2965 1300 3030 ubi

180 3073 265 3137 anim
299 3072 497 3156 praeterierit
528 3077 655 3158 tempus
686 3093 750 3158 quo
782 3079 892 3159 turpes
914 3076 994 3140 istas
1016 3074 1163 3142 flammas
1186 3085 1301 3162 movet,

180 3185 281 3250 multo
315 3186 477 3270 pulchrior
511 3187 612 3252 aderit
646 3186 877 3254 adolescentiae
906 3193 1009 3271 aetas3
1042 3191 1070 3255 is
1095 3193 1183 3256 enim
1205 3191 1300 3278 Ligu-

180 3300 272 3364 rinus
301 3305 350 3365 ast

627 3434 691 3500 quo
715 3414 796 3479 calet
818 3418 972 3482 iuventus
1076 3509 1077 3512 Ἴ

380 3527 477 3592 Nunc
500 3528 604 3592 omnis
628 3533 660 3594 et
683 3548 762 3594 mox·
781 3530 923 3615 virgines
946 3531 1107 3617 tepebunt.

226 3703 296 3780 Quo
319 3704 379 3769 hoc
403 3703 560 3768 laboraret
583 3722 710 3769 carmen
731 3706 809 3769 vitio
830 3709 956 3792 egregie
976 3711 1076 3774 sensit
1089 3711 1146 3794 qui
1158 3711 1301 3778 imitatus

181 3825 229 3883 est
252 3819 437 3898 Ausonius3
462 3838 479 3883 e
501 3837 600 3902 puero
621 3821 706 3883 enim
725 3820 867 3905 puellam
881 3821 957 3888 fecit
968 3827 999 3888 et
1010 3825 1057 3887 sic
1068 3824 1301 3909 lepidissimum

181 3931 241 3996 hoc
264 3933 368 4017 potuit
389 3931 493 3997 faeere
517 3933 713 4016 epigramma
737 3932 858 4016 (XIH):

314 4095 477 4180 Sprevisti,
501 4094 641 4180 obrepsit
662 4117 727 4161 non
751 4098 911 4164 intellecta
933 4104 1080 4166 senectus

359 4208 598 4303 Neerevocare
620 4214 709 4295 potes
733 4212 790 4295 qui
813 4214 935 4297 periere
958 4213 1034 4279 dies.
