2954 5130
729 503 770 564 33

187 684 285 769 (quod
312 685 376 768 ille,
407 690 444 750 ut
477 685 611 768 videtur,
633 687 703 771 ipse
726 706 768 752 ex
793 684 923 752 Oriente
944 689 1045 772 petiit)
1069 707 1178 753 secum
1189 687 1309 754 afferat.

188 797 343 882 Lepidum
376 818 453 864 sane
486 805 731 885 argumentum
763 819 805 864 ne
835 806 943 866 tamen
974 802 1081 884 nimis,
1105 801 1228 885 Lector,
1250 802 1311 867 hoc

189 930 316 976 carmen
353 913 529 998 admireris,
557 918 668 979 auctor
690 913 749 978 tibi
773 933 847 979 sum
872 919 907 978 ut
929 933 1004 980 eum
1030 933 1067 979 eo
1091 913 1310 980 catullianum

185 1027 268 1091 illud

419 1139 555 1206 Cenabis
579 1139 660 1205 bene
681 1142 727 1205 mi
750 1139 883 1207 Fabulle
906 1142 992 1226 apud
1017 1160 1068 1206 me

187 1324 360 1391 compares,
398 1305 455 1370 ubi
486 1307 678 1370 contrariam
700 1304 894 1370 Horatianus
917 1306 1186 1390 permutationem
1209 1307 1310 1369 amico

186 1419 335 1504 proponit
366 1418 522 1503 Catullus,
546 1420 602 1484 sed
623 1424 743 1504 quanto
767 1420 933 1485 venustior
955 1418 1008 1484 hic
1029 1420 1084 1483 illo
1109 1424 1166 1502 est,
1190 1423 1310 1503 quanto

186 1533 347 1618 urbanior,
382 1540 502 1618 quanto
536 1534 685 1599 facetior!
721 1535 752 1599 A
784 1533 908 1600 Catullo
940 1539 1047 1599 autem
1080 1535 1108 1598 si
1140 1533 1246 1598 statim
1271 1533 1310 1597 ad

184 1646 354 1713 Horatium
390 1650 563 1732 transieris,
590 1648 684 1714 facile
707 1648 766 1714 tibi
788 1647 997 1734 persuadebis
1020 1647 1108 1712 hunc
1131 1651 1233 1712 metro
1258 1664 1310 1711 co·

185 1767 292 1828 actum
335 1762 376 1827 ad
418 1761 515 1827 verba
556 1762 738 1848 confugisse
772 1781 854 1847 quae
888 1763 947 1827 toti
980 1763 1116 1826 carmini
1150 1762 1310 1826 maculam

187 1877 343 1943 afferrent
363 1875 475 1942 Unum
498 1896 674 1962 proponam
699 1896 830 1944 versum

385 2065 437 2129 Ad
458 2083 541 2149 quae
564 2065 593 2130 si
613 2083 766 2150 properas
788 2064 907 2150 gaudia
931 2083 1006 2129 cum
1030 2068 1088 2128 tua

384 2178 491 2244 Velox
514 2198 619 2244 merce
642 2180 726 2243 veni.

228 2363 313 2442 Quid
344 2366 452 2430 minus
474 2369 560 2430 recte
583 2365 644 2429 hoc
667 2365 737 2428 loco
761 2366 838 2449 poni
861 2365 965 2447 potuit
988 2383 1085 2448 quam
1108 2364 1196 2429 istud
1220 2384 1307 2449 pro·

184 2479 329 2562 peras?
360 2478 408 2543 Ea
430 2479 612 2543 conditione
636 2479 774 2542 amicum
798 2479 914 2541 invitat
937 2474 1092 2543 Horatius
1114 2498 1213 2562 qnam
1236 2479 1306 2563 ipse

183 2592 356 2656 admodum
386 2612 516 2677 gravem
540 2592 643 2656 videri
666 2592 744 2656 vult.
767 2590 903 2676 Fingere
926 2611 1001 2677 ergo
1025 2597 1130 2677 potest
1151 2591 1242 2683 illum
1268 2611 1306 2657 ea

182 2710 254 2789 post
288 2705 428 2790 aliquam
463 2705 724 2770 deliberationem
758 2709 944 2770 contentum
980 2705 1056 2788 fore,
1080 2704 1172 2771 avide
1195 2725 1304 2791 accep

182 2823 291 2883 turum
315 2818 435 2905 fingere
457 2839 524 2882 non
546 2824 658 2903 potest.
682 2818 725 2883 Et
748 2838 844 2903 quam
868 2819 975 2902 inepte
998 2818 1054 2882 illo
1078 2818 1176 2884 verbo
1200 2819 1304 2884 adiec-

181 2933 240 2997 tivi
270 2933 395 2997 velox
422 2935 472 2998 vis
494 2932 688 3018 infringitur.
713 2931 830 2997 Mirum
855 2952 921 2995 uon
946 2937 994 2997 est
1017 2933 1154 2998 eundem
1179 2938 1304 3017 poetam

180 3048 213 3110 in
249 3047 311 3110 alio
347 3049 487 3112 carmine
519 3045 585 3129 (IV,
611 3047 664 3128 14)
687 3048 727 3111 ad
755 3066 868 3112 versus
892 3047 1068 3133 explendos
1091 3048 1134 3110 in
1157 3065 1304 3111 aevum

181 3165 375 3225 aeternat
416 3161 590 3245 scripsisse.
634 3160 695 3225 Sed
738 3160 835 3225 finem
878 3162 942 3226 iam
980 3160 1072 3242 facio,
1107 3179 1303 3245 quamquam

181 3273 323 3338 abundat
357 3275 451 3338 etiam
487 3275 577 3358 copia
607 3274 749 3339 locorum
783 3275 839 3358 qni
862 3273 1085 3357 Peerlkampio
1112 3272 1302 3337 emendandi

180 3388 233 3453 vel
265 3387 485 3472 proscribendi
514 3407 624 3452 ansam
655 3388 821 3471 dederunt,
852 3406 911 3452 nos
938 3391 1044 3452 autem
1076 3385 1116 3450 ab
1140 3405 1177 3450 eo
1200 3387 1302 3449 moni-

179 3508 229 3568 tos
263 3503 304 3567 ad
338 3507 423 3567 recte
453 3503 492 3567 de
523 3501 649 3567 Horatii
680 3508 746 3569 arte
776 3502 987 3566 iudicandum
1010 3500 1143 3566 reddere
1165 3503 1302 3584 possunt

178 3619 360 3703 paratiores.

220 3856 309 3921 Inter
342 3859 467 3938 potitam
501 3858 533 3919 et
555 3853 800 3920 versificatorem
826 3859 857 3919 et
879 3852 941 3918 alia
963 3853 1124 3918 intersunt
1148 3851 1248 3916 multa
1268 3859 1300 3917 et

176 3972 237 4036 hoc
273 3970 360 4055 quod
390 3970 444 4034 ille
476 3969 555 4054 quid
578 3971 620 4034 sit
642 3969 823 4047 dicendum,
847 3969 898 4033 vel
920 3968 1028 4053 potius
1053 3967 1131 4050 quid
1155 3967 1300 4032 dicturus

178 4088 227 4170 sit,
260 4083 359 4170 probe
404 4084 471 4148 scit.
505 4081 579 4147 Non
614 4083 700 4167 quod
734 4083 830 4147 anxie
863 4101 973 4146 secum
1005 4081 1044 4145 de
1077 4080 1227 4145 carminis
1249 4082 1301 4146 sui

179 4200 302 4265 ambitu
347 4197 558 4265 verborumve
605 4196 730 4261 delectu
778 4195 1006 4279 deliberaverit,
1044 4195 1099 4258 vix
1132 4195 1218 4259 enim
1249 4194 1301 4258 sui

1183 4303 1200 4356 3
