2954 5130
505 1513 671 1592 CAPUT
702 1514 972 1593 SEPTIMUM.

224 2060 538 2126 Praestantissimum
571 2059 672 2126 fuisse
702 2063 827 2145 petitam
850 2059 1052 2144 Propertium
1077 2065 1107 2126 et
1130 2059 1186 2124 alii
1209 2058 1298 2125 dixe-

178 2180 257 2240 runt
287 2175 381 2239 multi
410 2178 442 2240 et
468 2193 527 2259 ego
549 2193 607 2259 pro
630 2175 719 2239 virili
741 2180 831 2259 parte
854 2174 900 2239 ita
923 2174 1140 2240 demonstrare
1164 2177 1298 2238 conatus

178 2308 253 2355 sum
279 2292 314 2353 ot
336 2307 387 2353 res
409 2291 574 2373 tamquam
598 2292 671 2353 ante
695 2288 804 2353 oculos
824 2288 928 2372 posita
946 2292 1045 2353 esset:
1066 2286 1297 2372 pulcherrimos

178 2404 265 2469 enim
296 2402 453 2488 quosdam
476 2404 547 2469 eius
572 2403 659 2468 locos
682 2402 764 2488 elegi
788 2408 819 2468 et
841 2403 887 2467 ita
908 2403 993 2469 inter
1015 2422 1050 2469 se
1073 2403 1239 2487 composui
1263 2407 1299 2468 ut

178 2537 245 2583 uno
280 2522 452 2602 conspectu
483 2518 632 2603 cognosci
653 2521 761 2602 posset
782 2518 852 2601 ipsa
874 2517 982 2582 indole
1005 2521 1183 2602 naturaque
1205 2516 1298 2582 illum

178 2635 300 2699 factum
334 2653 404 2700 esse
433 2637 576 2718 poetam
608 2633 805 2718 singularem
829 2637 937 2699 autem
960 2634 1131 2699 accessisse
1153 2633 1300 2718 peritiam

178 2767 271 2814 veras
294 2748 393 2813 animi
417 2748 625 2832 cogitationes
645 2748 690 2812 ita
709 2747 898 2813 enuntiandi
917 2752 1003 2813 utet
1023 2747 1086 2832 alii,
1099 2749 1155 2832 qui
1169 2747 1299 2831 quidem
1404 2781 1408 2790 ·

178 2881 246 2927 non
279 2881 411 2946 prorsus
444 2866 551 2928 essent
585 2863 708 2947 poetice
743 2881 842 2927 sensu
877 2862 1031 2946 destituti,
1064 2863 1204 2946 graviter
1234 2862 1300 2927 illis

180 2976 374 3041 commoveri
395 2978 535 3060 possent.
558 2974 654 3040 Nunc
672 2978 779 3040 tamen
798 2975 1004 3060 pulchrarum
1015 2975 1179 3040 literarum
1191 2995 1300 3041 aman·

178 3089 267 3154 tibus
290 3088 506 3154 molestiarum
536 3087 611 3174 plus
636 3088 766 3173 praebet
790 3109 886 3173 quam
910 3088 1098 3174 voluptatis:
1124 3094 1190 3154 tam
1214 3091 1299 3155 enim

180 3207 350 3286 corruptus
380 3202 613 3287 mutilatusque
636 3202 676 3267 ad
699 3221 759 3267 nos
782 3204 928 3287 pervenit
950 3207 987 3268 ut
1009 3204 1068 3267 vix
1091 3204 1205 3288 viginti
1230 3204 1300 3270 eius

179 3316 340 3402 perlegere
372 3317 521 3401 deinceps
554 3335 667 3382 versus
698 3318 859 3401 possimus
884 3318 962 3402 quin
983 3319 1017 3381 in
1042 3317 1149 3402 aliquo
1172 3318 1301 3383 haerea-

178 3451 253 3495 mus
276 3430 416 3515 scopulo,
440 3449 536 3514 quem
560 3431 679 3496 emtore
704 3431 833 3514 quidem
853 3450 1027 3515 possumus
1046 3450 1300 3500 nonremevere.

178 3543 313 3610 Disiecti
353 3548 478 3610 tantum
520 3544 613 3610 nobis
648 3548 759 3630 potitae
791 3549 913 3610 restant
947 3545 1089 3610 membra
1124 3565 1206 3631 quae
1238 3547 1300 3631 ipsi

179 3663 348 3743 utcunque
382 3659 570 3745 colligamus
604 3678 907 3744 componamusque.
942 3660 1052 3745 Atque
1085 3661 1130 3724 ita
1165 3678 1199 3725 se
1232 3679 1300 3725 rem

178 3773 295 3839 habere
324 3774 395 3838 ideo
427 3773 479 3838 vel
510 3775 650 3840 maxime
682 3773 774 3839 deleo
807 3773 893 3859 quod
918 3774 996 3838 mihi
1018 3774 1298 3858 persuasissimum

183 3893 232 3954 est
265 3892 391 3955 exstare
422 3889 622 3971 medicinam,
652 3909 717 3972 qua
747 3889 773 3954 si
805 3888 1018 3973 Aesculapius
1041 3888 1159 3973 aliquis
1182 3891 1300 3974 utatur,

181 4003 251 4087 ipse
286 4001 378 4066 nobis
412 4003 538 4067 restitui
569 4003 669 4087 possit
699 4006 799 4087 poeta.
830 4001 978 4066 Editores
1002 4003 1086 4067 enim
1111 4021 1222 4069 omnes
1244 4008 1300 4070 aut

183 4120 442 4201 contempserunt
472 4121 529 4182 aut
559 4116 771 4202 neglexerunt
801 4116 1048 4201 prudentissima
1078 4117 1185 4201 verba,
1209 4136 1301 4203 quae,

182 4231 438 4296 commemoratis
474 4231 598 4315 aliquot
630 4230 832 4315 coniecturis,
863 4229 980 4315 quibus
1003 4231 1065 4294 viri
1087 4231 1171 4296 docti
1193 4232 1300 4296 locum
