2954 5130
729 546 789 610 161

223 731 345 817 Epodis
369 737 476 798 autem
500 733 539 799 de
562 731 692 799 Canidia
715 734 913 800 simillimum
939 741 988 801 est
1011 734 1042 801 Ο.
1066 736 1092 822 1,
1117 738 1298 823 aequom

177 825 315 929 Lydiam
338 852 555 912 senescentem
578 849 641 913 iam
664 848 835 913 invehitur.
856 848 915 914 Est
935 853 1041 914 autem
1054 869 1180 915 carmen
1193 855 1297 917 omnis

179 961 304 1027 decoris
328 964 497 1048 omnisque
517 964 691 1029 honestatis
711 982 834 1049 expers.
853 963 925 1028 Hoc
944 969 1066 1030 eertum
1078 967 1298 1030 estneminem

179 1075 220 1141 de
253 1075 382 1159 femina,
417 1097 512 1161 quam
543 1096 654 1143 revera
685 1077 760 1141 olim
792 1079 913 1160 amarit,
946 1081 1093 1163 quamvis
1117 1081 1159 1143 sit
1181 1079 1221 1144 ab
1244 1080 1300 1144 illa

180 1195 309 1274 spretus
344 1191 569 1275 deceptusque,
605 1196 669 1256 tom
702 1190 795 1256 foeda
824 1196 953 1276 tamque
984 1191 1121 1257 absurda
1144 1191 1299 1258 blaterare

178 1323 273 1388 posse
297 1325 393 1388 quam
418 1323 499 1389 quae
521 1306 650 1389 stropha
673 1311 786 1390 quarta
809 1306 969 1391 leguntur.

225 1415 274 1482 De
296 1417 417 1501 Epodis
440 1420 462 1481 4
486 1422 517 1483 et
542 1418 582 1481 12
603 1420 704 1483 satius
722 1418 856 1484 fortasse
875 1422 942 1483 erat
960 1437 1001 1484 ne
1020 1418 1154 1484 verbum
1168 1421 1298 1505 quidem

178 1530 328 1615 perdere3
358 1533 419 1596 hoo
441 1537 548 1597 tamen
572 1531 742 1610 observare
765 1533 837 1597 volo
860 1533 1043 1598 istiusmodi
1065 1552 1178 1598 versus
1202 1532 1298 1598 scribi

180 1664 247 1709 non
279 1664 372 1729 posse
402 1645 441 1710 ab
473 1665 510 1710 eo
534 1647 687 1730 quivero
712 1646 783 1710 odio
806 1646 859 1711 rel
881 1647 1100 1731 indignatione
1123 1653 1298 1712 moveatur.

181 1757 265 1822 Nam
300 1759 357 1843 qui
392 1763 514 1824 certum
545 1759 706 1824 hominem
738 1764 896 1824 certamve
926 1759 1077 1825 feminam
1101 1760 1296 1826 carminibus

181 1872 385 1955 persequitur
419 1890 545 1955 operam
576 1877 683 1937 tamen
715 1873 768 1936 dat
791 1877 827 1938 ut
849 1872 954 1938 verbis
977 1875 1047 1938 suis
1070 1874 1201 1958 aliquod
1223 1894 1298 1939 aou-

181 2003 255 2049 men
279 1985 365 2068 insit,
387 2004 454 2049 non
477 1986 523 2050 sio
546 1989 664 2050 temere
686 1985 854 2051 maledicta
878 1992 909 2051 et
932 1988 1071 2051 convitia
1092 1989 1220 2052 evomit

225 2098 315 2163 Idem
348 2104 396 2164 est
417 2105 642 2184 argumentum
666 2102 816 2165 carminis
837 2100 896 2184 ΠΙ,
921 2102 971 2184 15,
995 2100 1050 2166 sed
1074 2103 1173 2165 oratio
1196 2100 1297 2166 multo

181 2212 381 2278 moderatior.
405 2211 506 2277 Abest
529 2216 635 2278 tamen
655 2218 686 2278 et
705 2214 780 2277 hino
800 2215 904 2278 omnis
925 2215 1051 2278 veritas.
1063 2211 1195 2278 Deridet
1206 2219 1298 2298 poeta

180 2325 324 2390 vetulam
359 2344 442 2409 quae
476 2326 599 2410 puellas
629 2327 747 2391 imitari
781 2332 812 2392 et
843 2326 997 2393 aemulari
1018 2332 1159 2392 conatur.
1183 2325 1299 2392 Omnia

179 2443 289 2504 autern
320 2437 392 2503 fieta
422 2457 500 2523 esse,
530 2439 611 2503 nihil
642 2459 683 2505 ex
711 2442 781 2524 ipsa
803 2441 868 2505 vita
896 2445 1059 2525 sumptum
1082 2442 1151 2526 ipse
1173 2441 1296 2526 hquido

180 2553 394 2618 demonstrat:
427 2573 539 2620 versus
571 2555 656 2618 enim
691 2554 798 2638 explet
832 2553 996 2619 vocabulis
1030 2553 1233 2619 alienissimis
1267 2560 1298 2619 et

181 2672 291 2753 aperte
315 2666 375 2732 sibi
400 2667 593 2753 obloquitur.

403 2831 477 2896 Nou
500 2833 528 2896 si
551 2831 629 2917 quid
651 2831 792 2896 Pholoen
816 2832 902 2915 satis,

446 2946 489 3011 Et
510 2950 542 3011 te
565 2944 671 3010 Chlori
695 2945 800 3011 decet:

178 3127 267 3189 recte
289 3123 350 3187 hoo
371 3123 492 3187 dictum
516 3126 564 3186 est
587 3125 619 3186 et
641 3121 800 3206 eleganter
820 3123 914 3186 etiam
934 3123 962 3186 si
980 3140 1054 3185 cum
1074 3121 1293 3206 Peerlkampio

176 3242 252 3323 post
274 3236 460 3301 Pholoen
484 3237 655 3300 orationem
679 3236 859 3301 incidimus.
884 3234 973 3312 Quae
997 3240 1296 3320 sequunturomnia

177 3356 258 3418 sunt
280 3368 402 3434 susque
424 3351 528 3435 deque
551 3348 675 3415 habita:

730 3462 796 3527 fibo
819 3463 936 3527 rectius

401 3579 576 3664 Expugnat
598 3579 754 3642 iuvenum
778 3578 889 3641 domos

445 3692 544 3757 Pulso
567 3691 683 3773 Thyias
706 3692 755 3755 uti
779 3691 902 3754 concita
923 3693 1105 3786 tympano..

179 3870 260 3948 Quis
284 3888 429 3953 unquam
452 3866 573 3951 aliquid
596 3866 754 3931 eiusmodi
775 3866 809 3929 in
832 3864 898 3929 filia
920 3864 1004 3946 ferri,
1023 3863 1140 3928 nedum
1161 3863 1294 3946 laudari,
1347 3841 1349 3845 ’

180 3983 331 4051 audivit?
354 3982 522 4067 Sequitur:

401 4145 494 4210 Illam
519 4145 602 4227 cogit
625 4163 714 4208 amor
736 4143 833 4208 Nothi

445 4257 598 4323 Lascivae
622 4257 757 4322 similem
780 4257 891 4321 ludere
914 4273 1051 4339 capreae.

1163 4363 1193 4416 11
