2954 5130
781 505 822 569 50

242 693 410 758 auxilium.
432 691 481 757 De
502 690 606 756 Niobe
628 710 745 775 poenas
765 691 903 775 sumpsit
921 689 1045 774 Apollo.
1065 688 1158 773 (Non,
1177 689 1292 774 hercle,
1304 690 1356 754 hic

244 806 339 871 habet
361 805 448 892 quod
469 805 623 890 glorietur
645 805 742 869 deus:
767 804 849 867 nihil
873 805 957 868 euim
983 822 1126 887 unquam
1149 804 1226 869 fecit
1247 804 1357 868 crude

243 921 307 985 lius
328 921 561 999 immaniusve).
583 917 711 1000 Pityum
735 918 822 1000 uicit,
844 917 964 982 Achilli
985 916 1079 982 letale
1100 917 1210 981 intulit
1228 917 1358 982 vulnus

244 1033 307 1099 Sed
342 1032 421 1118 quid
455 1033 532 1098 haec
566 1033 674 1097 omnia
703 1031 745 1097 ad
776 1032 888 1097 urbem
918 1030 1051 1096 Romam
1083 1033 1218 1115 eiusque
1239 1030 1358 1097 ferias?

243 1145 388 1211 Hoccine
417 1144 569 1231 ignoras?
591 1143 682 1209 Nihil
705 1150 811 1209 tamen
834 1144 997 1211 intellectu
1019 1144 1153 1210 facilius.
1176 1143 1360 1229 Explicabit

243 1263 351 1345 potita:
386 1258 477 1342 „Nisi
507 1261 541 1322 in
571 1263 713 1343 tempore
746 1259 912 1324 cecidisset
934 1258 1085 1342 Achilles,
1109 1277 1175 1323 non
1198 1264 1360 1344 superstes

243 1374 359 1440 fuisset
390 1373 543 1439 Troianae
576 1372 657 1437 cladi
687 1373 822 1438 Aeneas.
853 1372 995 1438 Achilles
1016 1374 1102 1438 enim
1124 1373 1209 1438 ferro
1232 1377 1264 1437 et
1286 1374 1360 1457 igne

244 1491 400 1552 vastasset
430 1488 546 1569 omnia,
576 1486 769 1571 pepercisset
790 1487 921 1568 nemini,
944 1504 1018 1551 cum
1042 1490 1142 1551 matre
1165 1487 1260 1550 etiam
1284 1503 1361 1570 pue·

244 1621 317 1666 rum
341 1600 484 1665 nondum
508 1607 618 1666 natum
641 1598 881 1664 interfecisset”
905 1600 959 1664 An
983 1618 1058 1684 ergo
1081 1599 1128 1664 illi
1152 1601 1209 1683 qui
1230 1601 1265 1663 in
1278 1618 1361 1684 eque

244 1714 379 1781 lheiano
409 1715 573 1780 latuerunt
603 1715 723 1799 quique
746 1713 785 1778 ab
808 1714 873 1779 illis
895 1715 930 1778 in
952 1713 1065 1780 urbem
1088 1718 1166 1780 sunt
1187 1715 1361 1780 introducti

245 1828 370 1894 Achille
411 1828 543 1895 fuerunt
583 1828 829 1894 clementiores?
863 1827 1015 1911 Achilles,
1048 1834 1085 1893 ut
1119 1829 1240 1913 opinor,
1274 1848 1294 1893 a
1326 1847 1362 1893 se

244 1944 412 2028 impetrare
441 1962 507 2007 non
538 1943 695 2028 potuisset
725 1947 762 2007 ut
790 1941 965 2024 Priamum,
996 1961 1092 2026 quem
1124 1943 1200 2006 olim
1223 1942 1361 2027 hospilio

244 2059 430 2142 excepisset,
464 2057 499 2121 in
532 2057 690 2141 sauguine
723 2054 782 2119 filii
816 2061 974 2121 mactaret
1007 2057 1052 2121 At
1079 2057 1184 2141 potuit
1215 2055 1363 2139 Pyrrhus

244 2169 340 2236 filius.
373 2168 522 2255 Denique
555 2169 669 2235 ideone
699 2170 827 2234 Aeneas
858 2174 1019 2254 superstes
1041 2168 1103 2235 fuit
1129 2170 1215 2252 quod
1239 2189 1305 2234 non
1330 2171 1362 2235 ri

246 2286 303 2350 sed
338 2285 411 2350 dolo
445 2283 523 2349 urbs
558 2288 648 2368 capta
678 2283 750 2348 est?
781 2282 820 2347 Id
850 2285 935 2348 enim
967 2284 1084 2349 diserte
1107 2283 1248 2349 declarat
1269 2289 1362 2368 potita

247 2400 298 2464 his
320 2398 445 2464 verbis:

468 2533 528 2599 llle
549 2554 615 2598 non
639 2533 786 2599 inclusus
809 2553 891 2620 equo
914 2533 1078 2600 Minervae

468 2647 563 2712 Sacra
585 2648 718 2712 mentito
741 2647 824 2711 male
846 2647 975 2712 feriatos

466 2760 564 2826 Troas
587 2766 620 2825 et
641 2762 755 2826 laetam
779 2759 901 2825 Priami
923 2761 1047 2827 choreis

579 2874 715 2940 Falleret
740 2875 856 2959 aulam,

469 2987 532 3054 Sed
553 2989 658 3073 palam
682 2990 783 3073 captis
806 2989 924 3073 gravis,
946 2990 1011 3053 heu
1030 2989 1127 3072 nefas,
1146 2990 1210 3053 heu

468 3101 601 3167 Nescius
623 3102 683 3166 fari
704 3121 821 3186 pueros
845 3103 976 3167 Achivis

470 3217 585 3282 Ureret
605 3216 752 3299 flammis,
774 3217 870 3281 etiam
892 3217 1043 3282 latentem

582 3329 694 3396 Matris
716 3331 751 3395 in
774 3330 857 3396 alvo.

295 3495 340 3561 At
373 3494 452 3580 quid
485 3493 598 3559 attinet
627 3513 691 3578 quo
722 3493 817 3557 modo
848 3497 939 3577 capta
962 3493 1004 3558 sit
1027 3492 1129 3558 urbs?
1154 3492 1256 3558 Post
1278 3494 1365 3558 enim

251 3607 362 3675 urbem
385 3613 510 3694 captam
533 3607 642 3672 miseri
663 3605 773 3671 Troiae
795 3606 918 3671 incolae
941 3606 1031 3671 caedi
1052 3611 1083 3671 et
1105 3605 1241 3672 interfici
1262 3607 1366 3691 coepti

251 3727 336 3787 sunt
358 3722 403 3788 At
424 3721 506 3787 illud
527 3722 636 3806 ipsum
660 3719 839 3803 „Achillem
862 3719 973 3784 cadere
997 3737 1080 3804 opus
1105 3725 1171 3784 erat
1195 3725 1230 3784 ut
1252 3719 1363 3784 salvus

251 3855 322 3902 esse
360 3842 467 3922 posset
500 3832 645 3900 Aeneas''
680 3833 842 3919 quomodo
877 3834 1057 3899 enuntiavit
1090 3833 1206 3918 poeta?
1242 3834 1365 3897 Audia-

253 3969 327 4015 mus
348 3951 474 4036 ipsum:

474 4099 517 4164 Ni
539 4101 604 4165 tuis
626 4098 731 4164 flexus
753 4097 954 4183 Venerisque
974 4103 1083 4184 gratae

477 4212 620 4279 Vocibus
641 4213 752 4278 divum
774 4217 864 4299 pater
891 4213 1060 4279 annuisset
