2954 5130
718 502 759 564 75

364 687 411 772 „0
435 688 590 754 fortunati
614 687 843 755 mercatores!”
865 691 972 774 gravis
995 693 1088 756 annis

357 801 451 868 Miles
473 803 525 868 ait

182 984 279 1052 quem
301 964 479 1051 Virgiliano

356 1126 583 1193 Ofortunatos
604 1129 751 1212 nimium,
775 1147 834 1193 sua
857 1129 885 1193 si
910 1127 993 1193 bona
1016 1130 1133 1213 norint,

357 1243 525 1329 Agricolas

181 1411 245 1472 tam
271 1406 408 1472 similem
428 1425 502 1481 ¹asso
525 1406 687 1471 declarant
710 1410 746 1471 ut
770 1407 849 1490 quin
874 1406 954 1471 alter
975 1406 1016 1471 ad
1039 1405 1171 1472 alterius
1192 1407 1297 1471 imita-

180 1523 301 1586 tionem
333 1521 436 1595 lactus
467 1522 509 1586 sit
540 1519 678 1584 dubitari
709 1525 859 1604 nequeat.
888 1518 973 1596 Quid
996 1520 1096 1605 ergo?
1118 1520 1171 1586 Ab
1193 1521 1297 1586 Hora-

180 1635 268 1698 tione
290 1635 427 1718 sumpsit
450 1653 487 1699 ea
510 1633 665 1698 vocabula
686 1632 869 1718 Virgilius?
893 1631 965 1697 Hoc
988 1634 1118 1718 quidem
1138 1634 1198 1698 hac
1216 1635 1297 1700 inre

181 1765 364 1812 asseverare
385 1766 451 1810 non
475 1746 595 1811 audent
617 1747 679 1810 viri
698 1745 793 1816 docti.
814 1753 1010 1830 quamquam
1024 1747 1158 1812 suadere
1170 1746 1298 1812 videtur

181 1865 362 1944 temporum
395 1861 485 1925 ratio.
523 1857 676 1943 Georgica
711 1859 796 1923 enim
831 1864 867 1923 ut
898 1861 1040 1943 primum
1070 1881 1097 1924 a
1112 1880 1142 1925 u.
1175 1861 1238 1924 725
1261 1862 1296 1924 in

180 1973 285 2040 lucem
308 1975 433 2056 emissa,
455 1973 581 2038 Horatii
600 1974 712 2038 satiras
730 1973 815 2038 iuter
833 1992 935 2038 annos
957 1974 1020 2038 713
1041 1979 1073 2039 et
1086 1974 1149 2038 725
1162 1976 1296 2060 scriptas

181 2092 312 2152 censent
333 2086 441 2152 idonei
464 2087 503 2151 de
526 2087 584 2150 hac
606 2105 642 2151 re
665 2086 796 2151 iudices.
815 2085 890 2151 Non
910 2086 1030 2152 audent
1049 2087 1295 2154 autemiImmo

180 2200 302 2265 nolunt
325 2199 384 2264 Tot
406 2200 492 2264 enim
515 2200 548 2263 in
569 2204 706 2283 utroque
725 2203 869 2283 po'dmate
888 2217 958 2264 esse
977 2199 1063 2264 looos
1075 2200 1294 2280 παραλλήλους,

180 2320 218 2380 ut
241 2314 304 2379 alia
324 2315 447 2378 ratione
469 2331 521 2378 res
540 2313 729 2398 explicanda
748 2314 799 2398 sit¹
819 2313 1025 2380 contendunt.
1045 2311 1087 2378 Et
1097 2313 1190 2378 facile
1202 2315 1295 2380 credo

180 2448 246 2493 non
279 2447 383 2493 unum
413 2427 502 2492 hunc
531 2426 638 2491 locum
668 2426 833 2491 doctarum
864 2427 990 2493 dedisse
1013 2447 1123 2493 ansam
1144 2427 1296 2494 delibera·

180 2543 323 2607 tionum:
355 2541 410 2606 ille
440 2543 526 2606 enim
548 2542 577 2605 si
600 2541 689 2605 solus
712 2559 730 2605 e
752 2542 854 2626 prima
877 2542 975 2606 satira
998 2541 1094 2607 alicui
1118 2541 1296 2628 Georgicon

180 2657 290 2721 versui
320 2655 435 2720 similis
458 2655 548 2719 visus
572 2661 664 2737 esset,
687 2655 744 2719 vix
769 2674 963 2740 quemquam
987 2657 1100 2740 opinor
1122 2657 1182 2721 hac
1203 2659 1238 2721 in
1262 2676 1296 2722 re

180 2768 220 2834 de
243 2769 310 2833 ulla
331 2769 519 2852 cognatione
542 2769 755 2852 cogitaturum
778 2767 888 2833 fuisse.
911 2766 1070 2854 Equidem
1091 2775 1175 2836 certe
1197 2771 1296 2835 miror

179 2880 253 2947 illos
276 2883 333 2967 qui
358 2901 433 2947 cum
455 2880 632 2947 Horatiano

356 3042 382 3108 0
405 3043 557 3110 fortunati
581 3047 772 3113 mercatores

180 3183 405 3293 compararunt
425 3206 642 3294 Virgilianum

355 3370 382 3436 0
405 3370 583 3438 fortunatos
605 3373 743 3438 nimium
765 3408 809 3424 -
832 3374 986 3459 agricolas

178 3552 242 3598 non
266 3535 362 3600 etiam
384 3533 515 3620 Virgilii
537 3538 650 3599 notum
672 3534 754 3600 illud

352 3697 521 3764 Fortunati
544 3698 656 3763 ambo!

180 3864 336 3930 attulisse.
359 3863 413 3927 An
437 3849 502 3927 non
525 3866 699 3948 potuerunt
722 3863 786 3928 duo
810 3863 921 3929 eodem
947 3867 1089 3947 tempore
1108 3868 1218 3947 poetae
1237 3884 1294 3949 pro

178 3976 286 4042 felix
316 3994 433 4061 ponere
463 3972 711 4041 fortunatus
743 3981 774 4042 et
796 3977 944 4040 voculam
968 3996 985 4040 ο
1008 3977 1209 4060 praemittere
1231 3979 1294 4043 nisi

179 4091 277 4155 altero
299 4091 433 4155 alterum
456 4089 624 4155 imitante?
647 4090 779 4156 Accedit
803 4090 889 4175 quod
913 4089 1083 4174 utrobique
1105 4089 1293 4157 fortuna·

178 4208 246 4270 tus
276 4205 346 4288 ipso
381 4204 611 4269 sententiarum
641 4188 817 4288 requiritur
847 4223 944 4288 nexu,
975 4222 1041 4268 non
1070 4203 1187 4269 felix.
1218 4203 1292 4270 Non
