2954 5130
778 499 822 562 32

282 684 309 767 I,
331 684 374 750 20
485 682 668 752 Caecubum
690 692 723 752 et
745 687 832 772 prelo
855 686 1008 752 domitam
1030 685 1149 753 &leno

480 799 530 864 'lu
553 798 643 865 bibes
666 820 775 884 uvam,
797 819 869 865 maa
891 820 951 866 nee
972 801 1126 867 Falemaa

480 912 672 999 Tempersnt
693 915 776 980 vites
798 933 904 999 neque
927 914 1089 980 Formiani

614 1026 735 1092 Pocula
756 1028 862 1094 eolles

284 1213 429 1281 Obscure
452 1215 573 1281 dictum
597 1234 668 1281 esse
693 1234 773 1280 non
797 1215 1004 1283 Falernae
1022 1219 1134 1283 vites
1157 1237 1243 1283 mea
1264 1225 1358 1285 tem·

239 1336 391 1414 perant
421 1327 572 1415 pocula
600 1329 660 1394 hoc
682 1348 797 1394 sensu:
822 1328 943 1395 Vinum
968 1331 1055 1415 quod
1076 1350 1146 1416 ogo,
1168 1353 1255 1417 aqua
1276 1335 1359 1398 mix·

239 1449 319 1521 tum,
354 1440 462 1507 bibere
495 1440 583 1507 soleo
617 1461 681 1506 non
714 1444 823 1527 magni
858 1445 951 1527 pretii
982 1445 1049 1525 (sed
1081 1446 1305 1529 quou'dianum
1328 1450 1359 1511 st

239 1574 338 1641 prope
358 1554 495 1621 laudum
520 1573 627 1620 meum
652 1557 775 1637 natum)
795 1560 853 1635 est,
873 1557 948 1641 quis
968 1557 1087 1641 neget?
1107 1557 1240 1624 Minime
1251 1564 1358 1624 tamen

238 1686 314 1735 cum
338 1666 558 1752 Peerlkampio
582 1674 686 1733 totum
704 1687 833 1734 carmen
852 1667 986 1735 Horatio
1006 1669 1198 1736 abiudicem
1221 1670 1275 1736 llx
1293 1691 1359 1736 uno

239 1781 325 1848 enim
360 1778 517 1851 rocabulo
546 1786 800 1865 temperant,
831 1782 917 1866 quod
942 1785 1061 1867 optimo
1084 1785 1156 1849 iure
1176 1783 1358 1850 Peerlkam-

239 1897 317 1981 pius
352 1892 519 1979 improbet,
551 1913 619 1979 ego,
653 1897 803 1980 quamvis
838 1895 976 1962 absurde
1011 1916 1081 1962 mea
1114 1898 1155 1963 de
1188 1917 1226 1964 eo
1257 1899 1358 1965 videri

236 2009 342 2095 possit
363 2009 530 2090 sententia,
553 2006 722 2073 Horatium
749 2015 909 2075 auctorem
935 2030 1083 2096 agnosco.
1106 2010 1189 2077 Nam
1213 2013 1255 2077 ad
1277 2012 1358 2079 iflud

240 2126 406 2208 utcunque
429 2121 654 2206 explicandum
678 2120 979 2208 defendendamque
1000 2125 1114 2190 iisdem
1133 2123 1199 2191 fere
1211 2131 1354 2211 opusest

239 2232 429 2320 ambagibus
453 2231 573 2319 quibus
595 2235 657 2300 viri
681 2234 766 2299 docti
790 2236 824 2299 in
848 2236 995 2302 versibus
1018 2237 1054 2320 sl,
1078 2237 1148 2319 31);

457 2422 609 2490 Premaut
631 2422 756 2489 Calena
770 2423 851 2490 falce
874 2424 993 2510 quibus
1011 2426 1102 2492 'dedit

459 2536 599 2602 Fortuna
622 2539 729 2620 vitem,
751 2538 840 2604 dives
864 2544 896 2604 et
917 2541 1023 2605 aureis

545 2650 702 2716 Mercator
723 2654 864 2718 exsiccet
887 2653 1017 2719 culullis

636 2763 719 2831 Vina
739 2764 819 2847 Syra
841 2772 986 2852 reparata
1011 2786 1124 2833 merce.

238 2955 278 3021 ad
301 2954 493 3021 vocabulum
518 2955 709 3020 exsiccet
732 2953 932 3038 probandum
956 2957 1005 3020 uti
1024 2956 1136 3021 solent.
1150 2955 1354 3040 litquoniam

236 3069 337 3135 semel
371 3069 411 3134 de
445 3066 521 3133 vino
555 3068 724 3153 epulisque
758 3070 894 3153 agimus,
924 3070 958 3133 in
982 3075 1118 3135 mentem
1143 3071 1210 3154 tibi,
1233 3071 1355 3157 Lector,

239 3201 354 3250 revoca
395 3183 476 3249 illud
514 3182 672 3268 vigiles
713 3181 912 3247 lucernas
953 3183 1094 3267 perier
1127 3186 1169 3247 in
1203 3184 1357 3270 lucem,

239 3298 325 3384 quod
361 3298 440 3384 quin
474 3297 534 3361 hoo
569 3315 665 3362 seusu
700 3297 838 3381 positum
875 3299 933 3361 sit:
961 3297 1046 3379 „noli
1069 3299 1265 3384 simulatque
1288 3321 1354 3366 nox

238 3411 388 3478 ceciderit
422 3410 564 3495 domum,
601 3416 636 3474 ut
657 3410 763 3493 soles,
799 3411 933 3491 reverti3
967 3412 1047 3495 quin
1078 3414 1185 3496 potius
1208 3414 1355 3481 tenebras

236 3525 396 3612 ¹pellamus
430 3525 571 3590 lucernis
602 3526 706 3590 etsie
737 3524 777 3588 ad
809 3523 886 3589 solis
917 3529 1021 3589 ortum
1054 3532 1184 3591 strenue
1208 3527 1354 3595 bibamus

233 3648 269 3707 et
299 3639 462 3707 iooemur”
493 3638 643 3724 equidem
673 3640 806 3703 minime
841 3638 961 3715 dubito.
997 3637 1185 3705 (tonsoratur
1215 3642 1355 3729 denique

238 3756 330 3841 quod·
351 3754 408 3837 IV,
440 3755 481 3818 12
512 3752 636 3839 legitur.
665 3751 841 3837 Virgilium
872 3752 1048 3836 quendam,‘
1069 3761 1274 3821 mercatorem
1291 3755 1355 3841 lut

232 3870 329 3935 aiunt
351 3868 519 3951 nonnulli),
541 3870 647 3933 iocose
670 3867 710 3931 ad
733 3867 843 3951 epulas
866 3868 981 3932 invitat
998 3862 1169 3934 Horatius:
1191 3874 1353 3938 ver-enim

238 3983 421 4067 quodiam
455 3983 572 4065 inierit,
606 3975 736 4045 bibendi
769 3985 895 4064 tempus
929 3976 999 4047 esse
1032 3981 1088 4046 sed
1123 3984 1234 4049 vinum
1267 4004 1355 4072 egre-

237 4089 338 4182 g'ium‘,
361 4096 447 4182 quod
470 4097 567 4162 anxie
588 4097 631 4160 in'
647 4094 728 4160 cella
750 4093 936 4178 condiderit7
959 4110 994 4160 se
1016 4115 1080 4160 non
1102 4114 1172 4162 esse
1191 4106 1355 4185 promptu·

238 4230 310 4277 rum
335 4212 398 4275 nisi
423 4229 460 4276 ea
482 4210 662 4276 conditione
684 4213 721 4274 ut
744 4207 866 4273 amicus
887 4208 1023 4273 nardum
1043 4213 1353 4294 praestantissimum
