2954 5130
715 523 757 588 63

177 730 252 796 ergo
274 712 378 796 ipsius
399 711 434 774 in
456 708 540 775 bello
562 709 649 774 cirili
672 713 778 794 partes
797 708 954 776 fuerunt?
973 708 1089 775 Nonne
1109 710 1205 777 simul
1217 730 1292 776 cum

175 823 329 890 Romanis
352 825 466 909 ingens
487 823 640 889 Afrorum
663 822 836 889 multitudo
860 823 993 904 cecidit3
1017 842 1126 889 nonne
1144 823 1296 890 requba

175 937 328 1002 acerrime
351 955 481 1002 causam
504 935 733 1021 Pompeianam
757 934 923 1002 defendit?

398 1121 478 1201 Quis
501 1143 567 1189 non
589 1121 702 1189 latino
725 1125 883 1209 sanguine
906 1124 1056 1209 pinguior

398 1235 538 1322 Campus
560 1236 716 1322 sepulcris
739 1237 838 1321 impia
865 1237 986 1323 proelia

441 1348 587 1415 Testatur
611 1348 822 1434 auditumque
844 1349 948 1417 Medis

486 1461 661 1547 Hesperiae
684 1464 826 1528 sonitum
850 1464 987 1529 ruinae?

399 1647 463 1727 Qui
484 1668 602 1735 gurges
625 1655 683 1715 aut
705 1668 789 1735 quae
811 1648 948 1716 flumina
970 1650 1117 1736 lugubris

398 1762 516 1849 Ignara
537 1762 638 1829 belli?
663 1760 757 1840 Quod
780 1782 868 1829 mare
890 1761 1037 1829 Dauniae

440 1876 514 1943 Non
538 1877 760 1944 decoloravere
783 1877 921 1942 caedes?

489 1989 577 2069 Quae
600 1996 686 2057 caret
708 2011 763 2057 ora
785 2011 900 2059 cruore
922 1992 1056 2059 nostro?

223 2175 271 2244 De
304 2179 430 2264 imperii
460 2177 598 2245 Romani
629 2180 761 2245 interitu
791 2198 971 2246 sermonem
996 2199 1066 2246 esse
1088 2184 1192 2265 putes.
1216 2177 1298 2257 Quis

180 2293 265 2356 enim
289 2292 372 2357 alius
397 2311 467 2358 esse
485 2297 591 2377 potest
614 2310 767 2359 versuum
791 2293 958 2377 sanguinis
981 2295 1170 2378 cruorisque
1188 2294 1298 2379 pleno·

179 2426 252 2472 rum
275 2426 400 2491 sensus,
422 2426 521 2490 quum
545 2407 732 2491 praesertim
754 2406 788 2469 in
807 2405 874 2470 illis
894 2406 988 2471 etiam
1001 2406 1080 2471 haec
1090 2406 1298 2472 inveniantur

179 2520 275 2586 verba
308 2518 543 2606 Hesperiae
577 2520 765 2585 sonitum
799 2519 975 2586 ruinae?
1007 2517 1093 2597 Quid
1122 2524 1195 2605 post
1215 2519 1298 2585 illud

179 2639 333 2700 cuncta
366 2639 576 2700 terrarum
611 2634 787 2700 subacta
817 2635 957 2720 ineptius
989 2637 1163 2719 excogitari
1194 2636 1299 2720 potuit

181 2768 277 2833 quam
311 2749 457 2834 strophae
487 2753 552 2814 tam
582 2747 738 2833 lugubres
760 2753 792 2813 et
814 2748 1026 2815 lacrimosae?
1050 2747 1123 2832 Sed,
1148 2749 1235 2834 quod
1258 2749 1297 2814 ad

180 2863 369 2948 sanguinem
399 2862 492 2927 illum
514 2863 660 2947 pertinet,
684 2860 817 2927 ubinam
840 2862 992 2928 historiae
1014 2882 1093 2929 suae
1115 2863 1213 2929 finem
1234 2863 1299 2928 iao·

181 2981 273 3042 turus
303 2981 352 3042 est
379 2975 492 3059 Pollio,
515 2976 567 3041 vel
589 2976 698 3060 potius
720 2974 880 3041 facturum
905 2994 980 3041 eum
1003 2974 1097 3061 fingit
1118 2977 1298 3043 Horatius?

181 3090 265 3158 Satis
287 3092 455 3177 perspicua
476 3110 529 3157 res
552 3096 608 3157 est
632 3089 704 3155 Tria
726 3092 812 3156 enim
834 3092 869 3155 in
891 3092 962 3176 ipso
986 3093 1127 3158 carmine
1145 3094 1300 3178 leguntur

182 3225 265 3291 quae
295 3210 381 3272 certa
410 3210 487 3271 sunt
510 3204 732 3290 chronologiae
755 3204 890 3270 indicia:
914 3210 1067 3272 cuncta
1088 3211 1299 3273 terrarum

182 3320 375 3404 subacta,
415 3319 564 3385 Africa
603 3324 634 3385 et
676 3323 858 3384 atrocem
901 3321 1082 3386 animum
1119 3319 1302 3387 Catonis.

182 3432 271 3522 Haeo
293 3434 401 3498 omnia
420 3433 460 3498 ad
479 3432 622 3498 Caesaris
641 3451 717 3498 cnm
736 3431 888 3517 Pompeio
899 3434 1035 3518 eiusque
1046 3433 1168 3518 legatis,
1179 3434 1301 3518 amicis,

182 3547 277 3612 sociis
306 3545 426 3631 proelia
455 3546 622 3631 pertinent
653 3544 739 3631 Ergo
771 3544 828 3610 ubi
851 3543 995 3612 (laeseris
1018 3565 1129 3612 omnes
1153 3547 1300 3613 adverso·

181 3661 245 3726 rios
266 3657 449 3745 profligatos
471 3660 643 3744 ipsumque
661 3659 833 3743 imperinm
852 3657 980 3725 firmum
1001 3664 1032 3724 et
1044 3659 1157 3725 stabile
1169 3664 1299 3725 nactum

174 3776 356 3840 narraverit
377 3773 423 3838 nil
447 3771 586 3857 amplius
609 3771 706 3837 addet
727 3771 839 3852 Pollio.
862 3773 907 3837 At
926 3771 965 3838 de
985 3775 1141 3858 sanguine
1153 3772 1300 3839 Romano

180 3909 199 3953 a
231 3887 386 3953 Romanis
415 3886 546 3972 profuso
577 3890 624 3950 tot
651 3885 845 3951 lamentatur
875 3885 1021 3952 versibus
1051 3892 1159 3972 polita:
1183 3906 1301 3972 ergone

180 4000 323 4068 Caesaris
358 4002 493 4066 victoria
527 4005 561 4065 et
593 4001 765 4085 imperium
796 4001 998 4066 tristissimae
1027 4002 1075 4065 illi
1098 4004 1144 4068 rei
1167 4003 1301 4068 modum

180 4115 385 4183 statuerunt?
425 4113 524 4180 Haud
566 4115 687 4200 opinor.
722 4112 801 4179 Post
837 4115 923 4179 enim
958 4113 1124 4182 Gaesarem
1157 4117 1299 4182 occisum

176 4229 287 4297 ‘denuo
309 4228 468 4295 fraternus
488 4227 620 4312 sanguis
639 4225 745 4312 fluxit,
764 4226 814 4293 vel
832 4228 939 4313 potius
958 4233 1028 4295 tum
1049 4228 1178 4297 demum
1199 4229 1300 4303 fluere
