2954 5130
683 505 725 570 87

147 697 286 759 iocosam
307 693 434 758 Horatii
457 693 496 758 de
520 691 710 776 heredipetis
733 691 922 776 reprehendi
945 692 1074 756 satiram
1098 689 1150 774 (II,
1171 692 1211 774 5),
1231 691 1265 756 id

149 815 310 893 tamquam
333 807 542 872 falsissimum
566 805 719 870 Hertaius
741 805 899 870 refutavit.

193 923 295 986 Multo
329 922 431 985 maior
460 921 531 985 laus
561 927 611 985 est
642 940 705 1003 qua
728 925 853 1004 potitam
877 922 1011 983 exornat
1033 917 1265 983 Petronius

148 1037 245 1119 (118),
268 1037 325 1120 qui
350 1034 476 1099 Horatii
498 1035 709 1099 curiosam
732 1033 991 1099 felicitatem
1015 1052 1175 1097 unacum
1198 1032 1265 1097 Ho-

148 1169 235 1215 mero
261 1148 462 1233 Virgilioque
484 1149 636 1212 nominat.

192 1263 333 1328 Pertinet
365 1266 472 1326 autem
504 1280 540 1326 ea
571 1260 642 1326 laus
674 1261 713 1325 ad
735 1261 871 1326 formam
893 1263 1078 1346 praesertim
1103 1279 1265 1342 versuum,

146 1395 335 1458 sermonem,
357 1375 530 1440 verborum
553 1375 720 1440 delectum.

191 1489 489 1568 Quintilianus
513 1487 566 1572 (X,
591 1490 620 1573 l,
644 1489 696 1570 96)
719 1494 889 1574 postquam
908 1487 1079 1553 Horatium
1101 1489 1264 1553 satiricum

148 1605 283 1671 summis
314 1604 431 1668 extulit
460 1601 611 1668 laudibus
634 1607 666 1667 et
688 1602 810 1667 iambos
833 1604 903 1668 eius
926 1602 1040 1667 leviter
1062 1603 1166 1686 attigit
1189 1602 1266 1667 haec

147 1717 250 1782 addit:
289 1716 495 1799 „Lyricorum
529 1716 614 1782 idem
649 1714 801 1781 Horatius
837 1715 903 1781 fere
934 1715 1023 1782 solus
1052 1716 1116 1800 legi
1138 1716 1264 1800 dignus.
1291 1724 1294 1730 '
1325 1785 1328 1792 ,

146 1831 229 1896 Nam
264 1836 297 1896 et
329 1832 468 1915 insurgit
501 1830 673 1915 aliquando
707 1835 740 1896 et
769 1831 884 1915 plenus
916 1835 964 1896 est
993 1830 1212 1913 iucunditatis,
1235 1834 1266 1896 et

146 1947 257 2031 gratiis
280 1950 312 2010 et
335 1945 433 2009 variis
455 1943 569 2028 figuris
593 1948 624 2008 et
647 1943 754 2009 verbis
776 1943 959 2009 felicissime
986 1943 1124 2009 audan''

190 2058 314 2124 Floruit
348 2063 455 2123 autem
486 2057 658 2123 Petronius
688 2057 749 2122 sub
779 2057 916 2140 Nerone,
938 2056 1157 2135 Quintilianus
1181 2060 1265 2123 circa

145 2193 173 2238 a.
198 2174 239 2237 35
263 2193 293 2256 p.
305 2171 338 2236 0.
373 2176 470 2237 natus
501 2176 565 2237 est:
596 2171 725 2237 illorum
756 2190 830 2257 ergo
862 2177 948 2239 aetas
972 2172 1012 2236 ab
1036 2172 1162 2238 Horatii
1185 2174 1263 2238 satis

145 2293 194 2353 est
216 2292 346 2352 remota

190 2399 426 2466 Caecilium
449 2399 682 2485 Epirotam,
705 2400 854 2466 libertum
878 2402 987 2485 Attici,
1008 2400 1179 2467 Horatium
1200 2402 1264 2468 dis·

36 2568 39 2574 .
147 2515 262 2600 cipulis
296 2516 364 2580 suis
394 2534 560 2580 enarrasse
589 2514 740 2579 Hertzius
764 2515 935 2580 contendit.
958 2515 1141 2580 Admodum
1167 2515 1264 2580 dubia

145 2649 198 2694 res
232 2634 288 2694 est.
323 2627 412 2694 Haeo
443 2631 529 2693 enim
562 2630 601 2693 de
631 2647 668 2694 eo
699 2635 775 2693 sunt
806 2628 950 2694 Suetonii
973 2629 1086 2695 verba:
1116 2630 1264 2712 „Primus

148 2743 264 2808 dicitur
294 2741 406 2808 Latine
435 2762 477 2808 ex
504 2748 645 2827 tempore
667 2742 857 2828 disputasse,
879 2745 1068 2829 primusque
1091 2743 1262 2829 Virgilium

147 2862 180 2922 et
202 2856 281 2922 alios
303 2861 412 2942 poetae
435 2875 536 2921 novos
557 2857 738 2942 praelegere
760 2857 933 2942 coepisse.'’

192 2969 241 3036 De
271 2970 441 3035 Valerio
476 2969 609 3035 Probo
640 2990 698 3055 pro
729 2976 818 3049 certo¹
841 2977 973 3037 constat
995 2971 1029 3038 Is
1052 2974 1138 3038 enim
1162 2972 1265 3038 Hora-

149 3086 229 3149 tium
258 3085 420 3149 recensnit
448 3088 530 3148 teste
556 3082 709 3148 Suetonio
731 3085 766 3147 in
789 3085 909 3150 Anecd.
932 3084 1033 3151 Paris.
1057 3087 1152 3170 (apud
1175 3086 1264 3152 Reiff.

148 3219 177 3284 p.
202 3199 404 3279 rel-idn:
432 3197 512 3280 ,His
536 3199 591 3279 (sc.
615 3199 711 3278 notis)
734 3199 810 3264 solis
833 3200 868 3263 in
887 3199 1148 3266 annotationibus
1166 3201 1264 3266 Ennii

149 3311 265 3378 Lucilii
288 3317 318 3377 et
341 3311 564 3376 historicorum
589 3313 641 3377 usi
664 3319 741 3377 sunt
764 3312 980 3397 Vargunteius
998 3313 1264 3380 HuninsAelius·

150 3446 212 3511 que
242 3431 273 3492 et
303 3432 462 3510 postremo
485 3425 610 3491 Probus
633 3428 690 3511 qui
713 3426 784 3492 illas
806 3428 841 3490 in
864 3427 999 3512 Virgilio
1023 3434 1054 3494 et
1077 3429 1210 3493 Horatio
1234 3435 1264 3494 et

148 3540 295 3606 Lucretio
335 3542 485 3625 apposuit
518 3545 555 3605 ut
588 3540 728 3605 Homero
762 3543 998 3609 Aristarchus.''
1031 3544 1123 3609 Vixit
1157 3550 1264 3610 autem

149 3655 386 3720 eruditissimus
427 3655 482 3720 ille
518 3656 745 3740 grammaticus
780 3656 889 3722 eodem
923 3656 989 3723 fere
1022 3662 1165 3743 tempore
1199 3678 1264 3743 quo

150 3766 369 3845 Quintilianus
392 3773 423 3834 et
445 3767 639 3853 Propertius,
662 3774 711 3834 sat
734 3770 790 3834 diu
813 3789 888 3855 ergo
911 3777 982 3857 post
1004 3773 1182 3837 Horatium.

193 3881 389 3947 Velleius
423 3882 679 3948 Paterculus
713 3890 814 3950 aetate
843 3884 976 3950 Horatio
1007 3886 1107 3951 multo
1137 3864 1281 3972 propior
1324 3934 1334 3962 s

150 3995 203 4081 (Π,
227 3996 280 4079 36)
316 3994 488 4082 Catullum,
522 3996 704 4082 Virgilium,
733 3998 905 4083 Tibullum,
935 3997 1088 4064 Ovidium
1111 4002 1265 4086 nominat,

69 4134 77 4163 ι
151 4111 190 4177 de
221 4111 356 4177 Horatio
390 4116 481 4176 tacet
511 4109 560 4177 De
581 4111 741 4177 industria
764 4133 837 4178 eum
862 4118 966 4179 tacere
989 4115 1213 4180 contenderem
1236 4118 1265 4182 si

150 4231 307 4291 constaret
329 4244 355 4291 e.
377 4245 444 4310 cap.
470 4226 533 4290 102
552 4226 696 4291 eiusdem
719 4227 793 4291 libri
817 4246 967 4312 apparere
991 4226 1161 4294 Horatium
1185 4229 1260 4296 Vel-
