2954 5130
688 524 751 587 132

177 711 248 794 ipsa
280 709 474 794 poenitentia
503 709 613 774 eximii
643 707 679 772 fit
709 712 820 794 potitae
847 708 958 793 gaudii
980 728 1084 775 eausa
1107 708 1193 795 Lege
1217 711 1297 775 mihi

179 824 373 909 praeclaram
406 823 494 888 iilam
529 821 685 908 Lygdami
720 825 805 889 servi
839 824 1119 909 interrogationem
1154 825 1225 910 (IV,
1250 828 1297 909 5):

178 938 261 1002 nihil
289 938 323 1001 in
355 937 455 1002 literis
477 935 600 1002 Latinis
624 941 750 1002 exstare
774 939 988 1022 praestantius
1010 938 1213 1023 affirmarem,
1236 941 1300 1006 nisi

178 1051 369 1117 haberemus
393 1052 559 1135 epistolam
583 1051 679 1135 illam,
704 1072 801 1136 quam
823 1052 864 1116 ad
874 1053 1013 1137 puellam
1034 1053 1085 1118 die
1104 1055 1176 1120 eius
1197 1055 1297 1120 natali

179 1166 265 1231 misit
287 1164 473 1250 Propertius
494 1164 561 1244 (IV,
582 1166 630 1248 9):
651 1185 768 1230 aurum
789 1170 838 1231 est
856 1166 938 1231 illud
959 1187 1078 1252 purum
1099 1173 1227 1253 putum,
1251 1169 1301 1234 rel

179 1282 208 1348 si
232 1281 311 1366 quid
335 1300 414 1346 auro
438 1282 620 1366 pretiosius.

225 1506 267 1572 Ut
298 1525 373 1591 ergo
403 1506 532 1571 tandem
559 1507 657 1571 huius
682 1506 907 1590 disputationis
930 1525 1090 1570 summam
1114 1505 1299 1574 oonfioiam:

178 1619 337 1706 Propertii
371 1620 411 1684 de
445 1618 582 1702 Cynthia
616 1619 736 1704 elegiae
766 1638 809 1685 ex
838 1621 909 1704 ipsa
938 1620 1005 1684 vita
1035 1625 1183 1705 sumptae
1207 1626 1299 1687 sunt:

179 1753 244 1799 non
281 1734 351 1799 dico
383 1735 490 1798 omnia
521 1734 568 1799 sio
599 1737 637 1798 ut
665 1733 720 1799 iile
743 1733 894 1799 describit
914 1738 1003 1818 gesta
1027 1752 1106 1818 esse,
1129 1753 1196 1798 non
1220 1754 1300 1821 nego

179 1849 281 1914 multa
302 1848 342 1913 ab
364 1849 435 1934 ipso
460 1867 529 1914 esso
550 1847 654 1913 afficta
673 1853 782 1933 poeta3
808 1849 940 1914 minime
959 1868 1034 1914 vero
1047 1848 1167 1915 infitior
1179 1851 1301 1936 aliquot

177 1962 271 2028 illum
300 1961 444 2028 flosculis
471 1962 593 2047 pridem
616 1963 757 2027 inventis
780 1982 840 2027 sua
863 1981 1037 2028 exornasse
1060 1967 1221 2048 oarmina;
1245 1964 1300 2031 sed

178 2081 284 2143 tamen
319 2078 354 2141 in
384 2076 448 2142 iliis
480 2077 602 2162 spirant
625 2077 732 2141 omnia
756 2077 944 2161 vivuntque.
969 2075 1091 2154 Quodsi
1114 2080 1189 2164 quis
1212 2083 1300 2164 roget

179 2209 262 2277 quae
295 2209 392 2256 eausa
423 2192 464 2255 sit
495 2210 553 2256 our
575 2190 702 2255 Horatii
723 2209 789 2255 non
813 2190 918 2256 solum
941 2192 1069 2257 nullum
1092 2213 1111 2258 a
1133 2192 1298 2278 Propertio

178 2306 295 2370 citetur
327 2303 532 2387 rooabulum,
567 2304 623 2370 sed
658 2304 752 2370 etiam
786 2306 893 2389 ipsum
929 2323 1047 2371 nomen
1078 2306 1118 2372 de
1139 2307 1299 2373 industria

178 2420 277 2483 taceri
307 2418 454 2485 rideatur
484 2423 573 2501 toasu
604 2418 689 2483 enim
712 2417 832 2482 factum
857 2436 927 2484 esse
950 2421 987 2484 ut
1009 2438 1046 2484 eo
1069 2419 1149 2502 loon,
1173 2405 1232 2484 ubi
1254 2423 1299 2486 tot

178 2538 408 2599 enumerantur
437 2537 547 2617 poetae
574 2532 643 2615 (III,
669 2533 732 2617 32),
755 2532 881 2598 silentio
905 2537 1123 2618 praetereatur
1144 2532 1298 2599 Horatius

178 2648 235 2711 vix
270 2647 329 2712 tibi
359 2647 572 2732 persuadeas),
605 2647 686 2711 nihil
722 2646 810 2713 aliud
840 2647 1033 2731 respondere
1055 2648 1178 2732 possim
1202 2667 1298 2732 quam

178 2762 255 2827 hoo:
279 2766 345 2826 tam
366 2762 437 2846 ipsa
459 2766 575 2827 natura
595 2767 627 2827 et
648 2761 757 2827 indole
779 2762 862 2828 inter
887 2780 921 2827 se
941 2760 1128 2846 Propertius
1148 2767 1181 2828 et
1196 2761 1298 2828 Hora·

179 2877 244 2941 tius
275 2876 392 2942 diversi
416 2881 502 2960 sunt,
525 2881 563 2942 ut
580 2877 629 2941 illi
648 2876 735 2940 huno
758 2878 816 2941 vix
838 2880 964 2962 potitam
987 2878 1095 2942 risum
1119 2895 1191 2943 esse
1213 2877 1298 2942 haud

178 2990 220 3055 sit
241 2989 439 3054 incredibile.
463 2989 546 3054 Nam
570 3009 652 3074 quae
675 2995 759 3056 esset
782 2989 941 3075 Propertii
965 2991 1071 3075 petisia
1092 2991 1213 3056 erotica
1234 2991 1298 3056 iam

178 3103 328 3188 vidimus,
351 3103 478 3168 Horatii
499 3122 575 3168 vero
589 3152 596 3168 .
611 3153 637 3168 ..
662 3104 718 3170 sed
752 3105 940 3188 priusquam
972 3104 1013 3169 ad
1042 3103 1130 3169 iilam
1158 3107 1298 3170 transea-

180 3237 253 3283 mus
277 3235 398 3301 paucae
422 3219 517 3284 etiam
540 3217 580 3284 de
602 3217 767 3303 Propertio
788 3218 1028 3284 interficiendae
1052 3222 1129 3285 sunt
1150 3217 1298 3286 observa·

179 3332 353 3399 tiuneulae.
