2954 5130
706 521 767 583 117

221 804 293 869 Non
315 811 420 870 temen
445 825 576 890 prorsus
600 805 809 869 incommodis
832 806 886 870 ille
910 811 994 871 caret
1018 824 1105 870 amor
1128 804 1290 891 rebusque

178 919 336 998 adversis3
360 921 457 982 immo
482 919 581 983 multo
603 923 712 1002 poetae
735 918 919 1003 perferenda
944 924 1020 984 sunt
1044 938 1125 1003 quae
1148 921 1290 984 animum

179 1033 248 1097 eius
283 1032 390 1097 dolore
421 1031 567 1097 afficiant.
598 1032 785 1097 Amantium
808 1032 879 1097 lites
904 1052 986 1116 quae
1010 1034 1075 1097 sint
1098 1051 1192 1097 nemo
1215 1032 1292 1098 Pro·

178 1146 278 1229 pertio
302 1146 417 1210 melius
437 1146 546 1210 didicit
567 1146 714 1225 dooetve3
742 1144 838 1229 „aut”
863 1147 908 1210 nit
931 1145 998 1228 (IV,
1025 1147 1053 1227 7,
1077 1148 1117 1210 33
1143 1149 1217 1231 sqd:

270 1310 357 1392 „Aut
380 1314 484 1373 tecum
507 1313 563 1373 eut
585 1314 695 1393 prote
720 1309 798 1372 mihi
821 1328 895 1373 oum
919 1307 1073 1373 rivalibus
1096 1328 1183 1373 orma

310 1422 441 1507 Semper
462 1431 572 1499 crunt:
596 1425 630 1486 in
653 1428 685 1487 te
708 1443 772 1508 pax
796 1424 875 1487 mihi
898 1423 988 1487 nulla
1011 1422 1142 1507 placet.”

223 1583 307 1661 Quin
338 1587 431 1651 etiam
455 1591 500 1650 tot
522 1588 556 1649 in
581 1605 688 1650 amore
712 1590 802 1669 poeta
826 1584 1026 1649 conflictatur
1049 1587 1185 1650 miseriis
1208 1584 1293 1648 dolo-

178 1698 340 1783 ribusque,
363 1705 400 1764 ut
422 1719 487 1763 uno
507 1701 637 1764 nomine
655 1699 719 1764 levi
741 1700 986 1784 reprehensione
999 1700 1095 1783 digna
1107 1700 1176 1764 eius
1188 1699 1293 1782 poesis

178 1813 281 1877 videri
311 1815 427 1898 possit:
458 1815 556 1878 nimis
578 1814 745 1878 lacrimosa
769 1814 838 1878 eius
862 1819 938 1878 sunt
962 1814 1111 1895 carmina,
1134 1815 1294 1897 nimisque

177 1925 328 2011 frequens
358 1934 406 1992 est
435 1929 468 1990 in
499 1928 540 1992 iis
571 1929 681 1991 mortis
704 1928 860 2012 cogitatio.
886 1926 1022 1992 Plenum
1045 1928 1133 1992 illius
1157 1932 1294 1992 991999-

178 2060 253 2106 men
287 2041 313 2124 Ι,
348 2041 399 2124 19,
429 2041 625 2126 plenumque
654 2040 696 2118 H,
727 2040 783 2121 8123
818 2046 903 2105 recte
934 2042 1019 2105 enim
1042 2042 1118 2105 novi
1142 2042 1291 2105 carminis

176 2155 306 2218 initium
331 2154 467 2220 editores
492 2156 550 2220 hos
573 2154 718 2220 fecerunt
740 2174 873 2219 versus:

268 2301 320 2367 Sic
340 2305 440 2389 igitur
461 2272 574 2388 prima!
588 2305 721 2369 moriere
745 2310 855 2386 aetate,
883 2304 1051 2388 Properti?

311 2416 373 2482 Sed
398 2436 529 2501 morere,
550 2419 684 2482 interitu
706 2417 843 2502 gaudeat
865 2418 921 2480 illa
943 2423 1007 2482 tuo.

177 2579 280 2664 Saepe
303 2580 342 2644 de
364 2579 458 2644 titulo
483 2599 542 2644 sno
566 2580 735 2664 sepulcrali
758 2584 851 2664 poeta
872 2580 1025 2663 loquitur,
1044 2578 1105 2662 ΙΠ,
1126 2579 1155 2662 5,
1175 2580 1216 2642 35
1229 2600 1292 2665 sq.:

267 2728 308 2794 Et
337 2729 401 2793 duo
424 2730 488 2794 sint
510 2747 632 2812 versus,
658 2730 736 2813 „qui
759 2748 847 2793 nuno
868 2730 951 2794 iacet
973 2729 1102 2793 horrida
1124 2729 1248 2813 pulvis3

312 2842 417 2907 Unius
440 2842 492 2907 hic
515 2842 675 2927 quondam
699 2861 813 2907 servus
836 2843 952 2907 amoris
976 2841 1073 2908 erat.''

224 3005 283 3089 ΠΙ,
308 3006 358 3089 19,
382 3006 424 3069 19
447 3025 493 3090 sq.

268 3142 313 3208 Tu
340 3162 410 3208 mea
433 3161 602 3228 compones
627 3138 658 3207 et
682 3142 766 3208 dices
793 3162 894 3226 „ossc,
920 3141 1075 3227 Properti,

311 3255 400 3322 Haec
422 3263 478 3320 tuo
500 3262 592 3322 sunt:
616 3257 697 3322 eheu
721 3261 756 3320 tu
779 3256 857 3320 mihi
880 3262 985 3321 certus
1008 3255 1108 3321 eras.''

224 3419 266 3484 Et
289 3419 412 3484 dolores
435 3439 511 3484 suos
534 3438 721 3484 communes
744 3437 813 3484 esse
833 3422 1009 3484 amantium
1028 3419 1133 3504 lepide
1146 3419 1294 3484 sicdocet

180 3532 250 3616 (ΙΠ,
275 3534 326 3616 23,
351 3534 390 3595 11
416 3537 491 3617 sq.):

270 3681 363 3747 Solus
386 3701 497 3747 omens
519 3683 617 3766 novit,
640 3681 769 3766 quando
791 3683 954 3766 periturus
978 3686 1009 3746 et
1031 3702 1050 3746 9
1077 3702 1140 3766 qua

315 3794 424 3874 Morte,
449 3814 554 3880 nequo
577 3796 629 3860 hic
651 3795 773 3860 Boreae
795 3793 894 3859 flabra
917 3814 1021 3878 neque
1045 3815 1134 3859 erma
1152 3795 1249 3860 timet.

226 3954 316 4022 Dura
346 3959 430 4023 enim
463 3956 599 4040 Cynthia
626 3961 681 4022 est.
709 3955 918 4039 „Pecceram”
942 3957 987 4020 ait
1008 3956 1076 4039 (IV,
1102 3957 1152 4039 15,
1177 3956 1196 4019 9
1219 3958 1292 4040 sq.):

274 4118 462 4200 „Peccaram
487 4120 593 4203 semel,
616 4124 647 4184 et
670 4123 769 4183 totum
784 4123 867 4183 'sum
890 4118 1004 4202 pulsus
1026 4120 1059 4182 in
1083 4138 1219 4184 annum:

315 4231 354 4296 In
376 4252 428 4298 me
451 4237 635 4298 mansuetas
658 4251 723 4295 non
746 4230 842 4296 habet
862 4231 917 4296 illa
940 4230 1087 4297 manus.''
