2954 5130
712 493 754 556 59

176 683 331 750 stinctum
362 681 482 747 bellum
515 684 564 747 est
586 684 624 746 ut
645 679 746 746 libere
771 683 961 747 sententiam
983 681 1023 747 de
1041 700 1078 747 eo
1098 682 1201 749 dioere
1219 699 1292 766 pos·

176 793 252 862 sis’'
275 794 338 861 Sed
357 794 515 861 eiusmodi
537 794 716 880 perieulum
739 795 768 860 si
790 795 944 860 Horatius
965 795 1107 861 indicare
1129 795 1292 878 voluisset,

176 910 258 976 hano
293 909 467 975 addidisset
499 908 766 974 admonitionem:
805 908 897 989 „Noli
928 909 1010 974 illud
1038 913 1168 994 tangere
1198 929 1292 995 argu·

177 1027 337 1104 mentum;
375 1023 454 1108 quin
488 1023 595 1108 potius
628 1021 807 1107 tragoedias
842 1021 981 1088 seribere
1005 1041 1116 1107 perge:
1139 1021 1213 1087 illae
1235 1021 1294 1087 tibi

177 1137 395 1203 molestiarum
429 1136 476 1201 nil
512 1155 624 1222 parere
657 1135 824 1222 possunt''
858 1134 956 1202 Nune
988 1155 1063 1202 vero
1098 1137 1293 1201 eontrarium

178 1254 271 1337 sequi
303 1251 447 1330 videtur3
482 1250 618 1334 videtur,
652 1251 713 1334 aio,
741 1270 816 1315 nam
848 1255 959 1336 potitae
992 1269 1058 1315 non
1092 1251 1225 1334 contigit
1256 1255 1294 1314 ut

178 1365 275 1431 verba
305 1366 472 1448 inveniret,
495 1383 579 1449 quae
603 1365 700 1431 simul
722 1368 823 1431 metro
844 1369 917 1450 apta
939 1368 971 1430 et
988 1365 1156 1450 perspicua
1178 1369 1292 1430 essent

222 1479 278 1545 Vs.
303 1480 331 1544 9.
365 1478 540 1544 Paulum
577 1497 751 1545 severae
781 1477 897 1543 Musa
920 1478 1295 1564 tragoediaedesit

178 1594 371 1659 theatris.
406 1592 439 1657 Si
472 1611 547 1678 ergo
579 1591 683 1657 Pollio
713 1591 909 1676 tragoediam
940 1591 1103 1678 paulisper
1125 1591 1243 1656 omittit
1265 1595 1297 1657 et

178 1709 300 1772 interea
333 1706 497 1771 historiam
528 1704 647 1788 scribit
670 1723 728 1789 per
749 1704 831 1769 illud
854 1710 982 1790 tempus
1003 1710 1111 1770 totone
1133 1705 1295 1789 tragoedia

179 1821 294 1886 vacat?
335 1819 476 1886 Planene
508 1823 579 1884 tum
613 1818 793 1903 tragoediae
826 1817 921 1884 Musa
953 1817 1066 1884 abest?
1100 1817 1231 1883 Urbana
1264 1822 1296 1884 et

180 1939 316 2000 venusta
349 1953 387 2000 ea
421 1932 584 1999 nonnullis
618 1932 748 1997 videtur
778 1932 907 2010 locutio,
940 1933 1020 1996 mihi
1056 1931 1294 1998 absurdissima

179 2049 269 2115 Idem
291 2054 325 2114 et
344 2047 564 2132 Peerlkampio
588 2048 705 2132 visum,
728 2049 795 2131 qui,
814 2065 856 2112 ue
874 2047 1296 2132 pottaineptiret,eaverba

180 2164 227 2230 sio
258 2181 329 2228 esse
361 2161 598 2246 interpretanda
632 2162 815 2246 suspicatus
850 2164 898 2226 est
932 2165 968 2226 ut
1004 2178 1108 2226 sermo
1143 2165 1227 2226 esset
1257 2161 1297 2227 de

172 2259 342 2342 ‘Historiae
375 2274 485 2341 Musa:
520 2274 605 2341 bella
639 2276 725 2341 enim
761 2275 869 2339 civilia
903 2275 1055 2359 tragicam
1083 2294 1150 2340 rem
1173 2293 1243 2340 esse
1265 2279 1297 2341 et

181 2390 359 2456 Pollionem
393 2388 518 2454 tumido
549 2407 645 2453 usum
676 2406 747 2454 esse
769 2387 930 2453 scribendi
951 2405 1076 2473 genere,
1098 2387 1209 2454 eodem
1232 2408 1296 2474 quo

180 2505 429 2589 Theopompum,
463 2501 502 2567 de
537 2521 601 2586 quo
635 2500 845 2566 Plutarchus:
877 2501 915 2572 ὥς
945 2498 1054 2583 γράφει
1078 2499 1130 2566 καὶ
1152 2501 1301 2583 τραγῳδεῖ

182 2618 364 2696 Θεόπομπος.
401 2617 599 2694 Aeutissimi,
628 2615 744 2700 hercle,
776 2616 838 2679 viri
860 2616 1010 2701 suspicio,
1032 2616 1164 2681 minime
1183 2621 1299 2701 tamen,

181 2738 220 2799 ut
242 2733 362 2818 opinor,
384 2730 566 2818 probabilis.

225 2845 306 2912 Ubi
334 2844 529 2931 publicas
560 2861 627 2910 res
657 2843 881 2908 ordinaris.
914 2842 988 2908 Non
1010 2847 1115 2929 potest
1137 2844 1219 2910 alius
1242 2845 1299 2910 ho·

182 2981 254 3027 rum
284 2979 354 3027 esse
387 2959 558 3026 verborum
582 2977 697 3024 sensus
720 2977 816 3042 quam
840 2958 908 3022 hio:
933 2957 990 3023 ubi
1011 2959 1160 3024 historiae
1181 2958 1300 3044 Populi

182 3074 318 3141 Romani
348 3078 470 3159 partem
500 3071 611 3137 ordine
631 3072 881 3156 pertractaveris.
904 3072 949 3136 At
972 3073 1046 3156 quis
1068 3091 1222 3156 unquam,
1245 3075 1299 3138 oui

183 3208 250 3254 non
273 3188 366 3253 metri
389 3185 561 3251 difficultas
584 3183 666 3250 bene
684 3185 838 3269 loquendi
857 3184 1040 3251 facultatem
1061 3186 1240 3271 ademisset
1253 3189 1299 3252 sie

184 3310 232 3371 est
265 3302 419 3369 loeutus?
453 3302 610 3382 (Alterum
644 3300 751 3365 locum
782 3299 839 3365 ubi
864 3300 904 3365 ad
926 3301 1015 3366 istud
1037 3299 1171 3366 verbum
1195 3302 1299 3366 ordi-

184 3418 312 3485 nandi
334 3416 507 3502 confugere
530 3416 656 3500 cogitur
677 3413 832 3480 Horatius
856 3434 954 3500 supra
977 3415 1091 3498 attuli.)

228 3581 284 3648 Vs.
310 3581 360 3646 13.
449 3579 581 3664 Insigne
604 3581 733 3645 maestis
755 3579 949 3663 praesidium
972 3580 1036 3644 reis

449 3693 492 3758 Et
513 3692 695 3759 oonsulenti
718 3692 820 3758 Pollio
842 3693 958 3776 suriae,

496 3806 557 3871 Oui
578 3807 691 3872 laurus
714 3810 859 3872 aeternos
882 3789 1018 3872 honores

538 3918 715 3986 Delmatico
738 3922 860 4006 peperit
881 3920 1051 4005 triumpho.

231 4096 351 4164 Omnes
373 4097 434 4162 hae
455 4096 610 4163 Pollionis
632 4096 743 4163 laudes
765 4072 851 4162 reote
874 4100 906 4162 et
926 4097 999 4162 iure
1016 4096 1069 4163 hio
1086 4096 1301 4162 looumsuum

187 4212 367 4279 obtinerent
399 4212 428 4278 si
460 4212 663 4296 praecederet
698 4211 820 4297 aliquid
853 4212 889 4277 in
912 4211 999 4276 huno
1022 4210 1170 4276 modum:
1197 4208 1302 4293 „Dum
