<?xml version="1.0" encoding="UTF-8"?>
<!DOCTYPE html PUBLIC "-//W3C//DTD XHTML 1.0 Transitional//EN"
    "http://www.w3.org/TR/xhtml1/DTD/xhtml1-transitional.dtd">
<html xmlns="http://www.w3.org/1999/xhtml" xml:lang="en" lang="en">
 <head>
  <title>
</title>
<meta http-equiv="Content-Type" content="text/html;charset=utf-8" />
  <meta name='ocr-system' content='tesseract 3.04.00' />
  <meta name='ocr-capabilities' content='ocr_page ocr_carea ocr_par ocr_line ocrx_word'/>
</head>
<body>
  <div class='ocr_page' id='page_1' title='image "./dehoratiopota00hartgoog_0123.png"; bbox 0 0 2954 5130; ppageno 0'>
   <div class='ocr_carea' id='block_1_1' title="bbox 765 498 827 561">
    <p class='ocr_par' dir='ltr' id='par_1_1' title="bbox 765 498 827 561">
     <span class='ocr_line' id='line_1_1' title="bbox 765 498 827 561; baseline 0 0"><span class='ocrx_word' id='word_1_1' title='bbox 765 498 827 561; x_wconf 87' lang='grc'>112</span> 
     </span>
    </p>
   </div>
   <div class='ocr_carea' id='block_1_2' title="bbox 236 678 1359 881">
    <p class='ocr_par' dir='ltr' id='par_1_2' title="bbox 236 678 1359 881">
     <span class='ocr_line' id='line_1_2' title="bbox 240 678 1358 772; baseline 0.005 -25"><span class='ocrx_word' id='word_1_2' title='bbox 240 678 352 764; x_wconf 80' lang='lat' dir='ltr'>,Quod</span> <span class='ocrx_word' id='word_1_3' title='bbox 384 684 469 769; x_wconf 88' lang='lat' dir='ltr'>spiro</span> <span class='ocrx_word' id='word_1_4' title='bbox 500 689 531 750; x_wconf 89' lang='lat' dir='ltr'>et</span> <span class='ocrx_word' id='word_1_5' title='bbox 561 684 678 770; x_wconf 91' lang='lat' dir='ltr'>placeo,</span> <span class='ocrx_word' id='word_1_6' title='bbox 703 686 731 751; x_wconf 94' lang='lat' dir='ltr'>si</span> <span class='ocrx_word' id='word_1_7' title='bbox 753 687 861 771; x_wconf 89' lang='lat' dir='ltr'>placeo</span> <span class='ocrx_word' id='word_1_8' title='bbox 884 685 1028 752; x_wconf 90' lang='lat' dir='ltr'>tuumst&#39;’</span> <span class='ocrx_word' id='word_1_9' title='bbox 1052 687 1097 752; x_wconf 86' lang='lat' dir='ltr'>ita</span> <span class='ocrx_word' id='word_1_10' title='bbox 1120 688 1160 752; x_wconf 89' lang='lat' dir='ltr'>ad</span> <span class='ocrx_word' id='word_1_11' title='bbox 1183 686 1358 772; x_wconf 87' lang='lat' dir='ltr'>Melpome-</span> 
     </span>
     <span class='ocr_line' id='line_1_3' title="bbox 236 795 1359 881; baseline 0.006 -21"><span class='ocrx_word' id='word_1_12' title='bbox 236 815 301 861; x_wconf 91' lang='lat' dir='ltr'>nen</span> <span class='ocrx_word' id='word_1_13' title='bbox 335 795 489 863; x_wconf 79' lang='lat' dir='ltr'><strong>declamat</strong></span> <span class='ocrx_word' id='word_1_14' title='bbox 518 797 672 864; x_wconf 82' lang='lat' dir='ltr'>Horatius</span> <span class='ocrx_word' id='word_1_15' title='bbox 703 800 737 863; x_wconf 92' lang='lat' dir='ltr'>in</span> <span class='ocrx_word' id='word_1_16' title='bbox 764 801 882 881; x_wconf 87' lang='lat' dir='ltr'>montis</span> <span class='ocrx_word' id='word_1_17' title='bbox 906 802 1071 866; x_wconf 80' lang='lat' dir='ltr'>cacumine</span> <span class='ocrx_word' id='word_1_18' title='bbox 1096 800 1259 867; x_wconf 81' lang='lat' dir='ltr'>sedentem</span> <span class='ocrx_word' id='word_1_19' title='bbox 1284 821 1359 867; x_wconf 92' lang='lat' dir='ltr'>cum</span> 
     </span>
    </p>
   </div>
   <div class='ocr_carea' id='block_1_3' title="bbox 134 909 410 995">
    <p class='ocr_par' dir='ltr' id='par_1_3' title="bbox 134 909 410 995">
     <span class='ocr_line' id='line_1_4' title="bbox 134 909 410 995; baseline 0.011 -22"><span class='ocrx_word' id='word_1_20' title='bbox 134 933 144 963; x_wconf 69' lang='lat' dir='ltr'><em>e</em></span> <span class='ocrx_word' id='word_1_21' title='bbox 237 909 410 995; x_wconf 90' lang='lat' dir='ltr'>sororibus,</span> 
     </span>
    </p>
   </div>
   <div class='ocr_carea' id='block_1_4' title="bbox 481 993 1092 1097">
    <p class='ocr_par' dir='ltr' id='par_1_4' title="bbox 481 993 1092 1097">
     <span class='ocr_line' id='line_1_5' title="bbox 481 993 1092 1097; baseline 0.005 -32"><span class='ocrx_word' id='word_1_22' title='bbox 481 993 528 1073; x_wconf 75' lang='lat' dir='ltr'>alr</span> <span class='ocrx_word' id='word_1_23' title='bbox 552 999 615 1066; x_wconf 76' lang='grc' dir='ltr'>οὐδὲ</span> <span class='ocrx_word' id='word_1_24' title='bbox 642 1000 699 1083; x_wconf 72' lang='grc' dir='ltr'>τρὶς</span> <span class='ocrx_word' id='word_1_25' title='bbox 722 1000 860 1081; x_wconf 71' lang='grc' dir='ltr'>λέγοντες</span> <span class='ocrx_word' id='word_1_26' title='bbox 883 998 1092 1097; x_wconf 69' lang='grc' dir='ltr'>ε’ξικνούμεθοι.ι</span> 
     </span>
    </p>
   </div>
   <div class='ocr_carea' id='block_1_5' title="bbox 171 1138 1362 4309">
    <p class='ocr_par' dir='ltr' id='par_1_5' title="bbox 171 1138 1362 4309">
     <span class='ocr_line' id='line_1_6' title="bbox 280 1138 1360 1228; baseline 0.005 -25"><span class='ocrx_word' id='word_1_27' title='bbox 280 1138 445 1224; x_wconf 84' lang='lat' dir='ltr'>Propertio</span> <span class='ocrx_word' id='word_1_28' title='bbox 475 1140 633 1205; x_wconf 89' lang='lat' dir='ltr'>eiusmodi</span> <span class='ocrx_word' id='word_1_29' title='bbox 660 1143 893 1207; x_wconf 80' lang='lat' dir='ltr'>asseveratione</span> <span class='ocrx_word' id='word_1_30' title='bbox 917 1161 998 1227; x_wconf 93' lang='lat' dir='ltr'>opus</span> <span class='ocrx_word' id='word_1_31' title='bbox 1020 1161 1085 1206; x_wconf 90' lang='lat' dir='ltr'>non</span> <span class='ocrx_word' id='word_1_32' title='bbox 1110 1147 1167 1228; x_wconf 89' lang='lat' dir='ltr'>est,</span> <span class='ocrx_word' id='word_1_33' title='bbox 1190 1162 1266 1207; x_wconf 87' lang='lat' dir='ltr'>nam</span> <span class='ocrx_word' id='word_1_34' title='bbox 1289 1143 1360 1228; x_wconf 90' lang='lat' dir='ltr'>ipsa</span> 
     </span>
     <span class='ocr_line' id='line_1_7' title="bbox 236 1253 1358 1340; baseline 0.004 -23"><span class='ocrx_word' id='word_1_35' title='bbox 236 1271 293 1337; x_wconf 92' lang='lat' dir='ltr'>pro</span> <span class='ocrx_word' id='word_1_36' title='bbox 328 1272 365 1318; x_wconf 90' lang='lat' dir='ltr'>eo</span> <span class='ocrx_word' id='word_1_37' title='bbox 395 1253 576 1338; x_wconf 93' lang='lat' dir='ltr'>loquuntur</span> <span class='ocrx_word' id='word_1_38' title='bbox 607 1256 757 1319; x_wconf 89' lang='lat' dir='ltr'>carmina.</span> <span class='ocrx_word' id='word_1_39' title='bbox 789 1253 1007 1340; x_wconf 87' lang='lat' dir='ltr'>Propertianis</span> <span class='ocrx_word' id='word_1_40' title='bbox 1030 1260 1137 1320; x_wconf 89' lang='lat' dir='ltr'>antem</span> <span class='ocrx_word' id='word_1_41' title='bbox 1160 1255 1358 1322; x_wconf 80' lang='lat' dir='ltr'>carminibus</span> 
     </span>
     <span class='ocr_line' id='line_1_8' title="bbox 235 1368 1358 1456; baseline 0.004 -25"><span class='ocrx_word' id='word_1_42' title='bbox 235 1369 401 1432; x_wconf 90' lang='lat' dir='ltr'>materiam</span> <span class='ocrx_word' id='word_1_43' title='bbox 424 1368 553 1453; x_wconf 88' lang='lat' dir='ltr'>praebet</span> <span class='ocrx_word' id='word_1_44' title='bbox 575 1387 637 1433; x_wconf 96' lang='lat' dir='ltr'>non</span> <span class='ocrx_word' id='word_1_45' title='bbox 663 1369 721 1433; x_wconf 89' lang='lat' dir='ltr'>dea</span> <span class='ocrx_word' id='word_1_46' title='bbox 744 1368 900 1453; x_wconf 88' lang='lat' dir='ltr'>quaedam</span> <span class='ocrx_word' id='word_1_47' title='bbox 923 1369 1121 1453; x_wconf 89' lang='lat' dir='ltr'>immortalis,</span> <span class='ocrx_word' id='word_1_48' title='bbox 1144 1390 1163 1434; x_wconf 91' lang='grc'>1</span> <span class='ocrx_word' id='word_1_49' title='bbox 1182 1376 1358 1456; x_wconf 87' lang='lat' dir='ltr'>conspectu</span> 
     </span>
     <span class='ocr_line' id='line_1_9' title="bbox 235 1480 1359 1569; baseline 0.005 -25"><span class='ocrx_word' id='word_1_50' title='bbox 235 1480 401 1546; x_wconf 92' lang='lat' dir='ltr'>hominum</span> <span class='ocrx_word' id='word_1_51' title='bbox 425 1483 648 1569; x_wconf 90' lang='lat' dir='ltr'>remotissima,</span> <span class='ocrx_word' id='word_1_52' title='bbox 668 1484 724 1548; x_wconf 89' lang='lat' dir='ltr'>sed</span> <span class='ocrx_word' id='word_1_53' title='bbox 745 1484 784 1548; x_wconf 92' lang='lat' dir='ltr'>de</span> <span class='ocrx_word' id='word_1_54' title='bbox 803 1483 901 1568; x_wconf 86' lang='lat' dir='ltr'>vulgo</span> <span class='ocrx_word' id='word_1_55' title='bbox 917 1483 1192 1550; x_wconf 82' lang='lat' dir='ltr'>meretricularum</span> <span class='ocrx_word' id='word_1_56' title='bbox 1205 1485 1359 1569; x_wconf 84' lang='lat' dir='ltr'>puellula,</span> 
     </span>
     <span class='ocr_line' id='line_1_10' title="bbox 236 1595 1362 1681; baseline 0.004 -22"><span class='ocrx_word' id='word_1_57' title='bbox 236 1613 318 1679; x_wconf 90' lang='lat' dir='ltr'>quae</span> <span class='ocrx_word' id='word_1_58' title='bbox 352 1597 465 1661; x_wconf 90' lang='lat' dir='ltr'>ceteris</span> <span class='ocrx_word' id='word_1_59' title='bbox 499 1595 649 1662; x_wconf 88' lang='lat' dir='ltr'>omnibus</span> <span class='ocrx_word' id='word_1_60' title='bbox 685 1616 786 1681; x_wconf 91' lang='lat' dir='ltr'>quum</span> <span class='ocrx_word' id='word_1_61' title='bbox 817 1596 864 1660; x_wconf 93' lang='lat' dir='ltr'>nil</span> <span class='ocrx_word' id='word_1_62' title='bbox 898 1597 962 1661; x_wconf 94' lang='lat' dir='ltr'>nisi</span> <span class='ocrx_word' id='word_1_63' title='bbox 993 1596 1172 1662; x_wconf 91' lang='lat' dir='ltr'>scortillnm</span> <span class='ocrx_word' id='word_1_64' title='bbox 1196 1597 1362 1663; x_wconf 90' lang='lat' dir='ltr'>videretur</span> 
     </span>
     <span class='ocr_line' id='line_1_11' title="bbox 234 1707 1362 1795; baseline 0.002 -22"><span class='ocrx_word' id='word_1_65' title='bbox 234 1707 321 1774; x_wconf 93' lang='lat' dir='ltr'>baud</span> <span class='ocrx_word' id='word_1_66' title='bbox 345 1709 512 1795; x_wconf 91' lang='lat' dir='ltr'>illepidum</span> <span class='ocrx_word' id='word_1_67' title='bbox 536 1729 642 1795; x_wconf 92' lang='lat' dir='ltr'>neque</span> <span class='ocrx_word' id='word_1_68' title='bbox 660 1711 878 1793; x_wconf 89' lang='lat' dir='ltr'>invenustum,</span> <span class='ocrx_word' id='word_1_69' title='bbox 902 1708 1035 1794; x_wconf 89' lang='lat' dir='ltr'>abipso</span> <span class='ocrx_word' id='word_1_70' title='bbox 1063 1727 1170 1775; x_wconf 88' lang='lat' dir='ltr'>amore</span> <span class='ocrx_word' id='word_1_71' title='bbox 1194 1709 1362 1776; x_wconf 89' lang='lat' dir='ltr'>colebatur</span> 
     </span>
     <span class='ocr_line' id='line_1_12' title="bbox 234 1821 1360 1908; baseline 0.003 -22"><span class='ocrx_word' id='word_1_72' title='bbox 234 1821 456 1888; x_wconf 89' lang='lat' dir='ltr'>ardentissimo</span> <span class='ocrx_word' id='word_1_73' title='bbox 480 1829 520 1907; x_wconf 86' lang='lat' dir='ltr'>et,</span> <span class='ocrx_word' id='word_1_74' title='bbox 544 1824 631 1908; x_wconf 92' lang='lat' dir='ltr'>quod</span> <span class='ocrx_word' id='word_1_75' title='bbox 655 1824 788 1888; x_wconf 91' lang='lat' dir='ltr'>minimo</span> <span class='ocrx_word' id='word_1_76' title='bbox 808 1823 1046 1908; x_wconf 86' lang='lat' dir='ltr'>negligendum,</span> <span class='ocrx_word' id='word_1_77' title='bbox 1065 1822 1222 1888; x_wconf 90' lang='lat' dir='ltr'>fidissimo</span> <span class='ocrx_word' id='word_1_78' title='bbox 1243 1823 1360 1890; x_wconf 86' lang='lat' dir='ltr'>firmis·</span> 
     </span>
     <span class='ocr_line' id='line_1_13' title="bbox 235 1936 1358 2023; baseline 0.003 -22"><span class='ocrx_word' id='word_1_79' title='bbox 235 1936 388 2021; x_wconf 92' lang='lat' dir='ltr'>simoque.</span> <span class='ocrx_word' id='word_1_80' title='bbox 410 1936 494 2002; x_wconf 90' lang='lat' dir='ltr'>Nam</span> <span class='ocrx_word' id='word_1_81' title='bbox 517 1939 559 2003; x_wconf 90' lang='lat' dir='ltr'>sit</span> <span class='ocrx_word' id='word_1_82' title='bbox 578 1942 670 2023; x_wconf 72' lang='lat' dir='ltr'>poete</span> <span class='ocrx_word' id='word_1_83' title='bbox 690 1938 828 2002; x_wconf 91' lang='lat' dir='ltr'>eroticus</span> <span class='ocrx_word' id='word_1_84' title='bbox 848 1937 1006 2022; x_wconf 88' lang='lat' dir='ltr'>petulans,</span> <span class='ocrx_word' id='word_1_85' title='bbox 1017 1937 1166 2016; x_wconf 89' lang='lat' dir='ltr'>lascivus,</span> <span class='ocrx_word' id='word_1_86' title='bbox 1179 1943 1358 2023; x_wconf 87' lang='lat' dir='ltr'>protervus,</span> 
     </span>
     <span class='ocr_line' id='line_1_14' title="bbox 233 2051 1357 2137; baseline 0.001 -21"><span class='ocrx_word' id='word_1_87' title='bbox 233 2055 303 2116; x_wconf 89' lang='lat' dir='ltr'>tum</span> <span class='ocrx_word' id='word_1_88' title='bbox 338 2051 467 2116; x_wconf 91' lang='lat' dir='ltr'>demum</span> <span class='ocrx_word' id='word_1_89' title='bbox 501 2055 612 2137; x_wconf 74' lang='lat' dir='ltr'>poitue</span> <span class='ocrx_word' id='word_1_90' title='bbox 644 2052 775 2116; x_wconf 91' lang='lat' dir='ltr'>nomine</span> <span class='ocrx_word' id='word_1_91' title='bbox 810 2051 927 2136; x_wconf 88' lang='lat' dir='ltr'>dignus</span> <span class='ocrx_word' id='word_1_92' title='bbox 957 2055 1006 2116; x_wconf 87' lang='lat' dir='ltr'>est</span> <span class='ocrx_word' id='word_1_93' title='bbox 1038 2051 1066 2115; x_wconf 92' lang='lat' dir='ltr'>si</span> <span class='ocrx_word' id='word_1_94' title='bbox 1096 2053 1130 2115; x_wconf 91' lang='lat' dir='ltr'>in</span> <span class='ocrx_word' id='word_1_95' title='bbox 1162 2071 1271 2117; x_wconf 91' lang='lat' dir='ltr'>amore</span> <span class='ocrx_word' id='word_1_96' title='bbox 1294 2051 1357 2118; x_wconf 92' lang='lat' dir='ltr'>sibi</span> 
     </span>
     <span class='ocr_line' id='line_1_15' title="bbox 233 2163 1353 2251; baseline -0.003 -17"><span class='ocrx_word' id='word_1_97' title='bbox 233 2163 470 2251; x_wconf 52' lang='grc' dir='ltr'>1111111911Υ</span> <span class='ocrx_word' id='word_1_98' title='bbox 498 2167 584 2230; x_wconf 90' lang='lat' dir='ltr'>onim</span> <span class='ocrx_word' id='word_1_99' title='bbox 619 2166 713 2231; x_wconf 95' lang='lat' dir='ltr'>modo</span> <span class='ocrx_word' id='word_1_100' title='bbox 743 2164 826 2230; x_wconf 89' lang='lat' dir='ltr'>hano</span> <span class='ocrx_word' id='word_1_101' title='bbox 856 2170 962 2230; x_wconf 90' lang='lat' dir='ltr'>cantat</span> <span class='ocrx_word' id='word_1_102' title='bbox 993 2165 1087 2230; x_wconf 94' lang='lat' dir='ltr'>modo</span> <span class='ocrx_word' id='word_1_103' title='bbox 1110 2165 1208 2250; x_wconf 90' lang='lat' dir='ltr'>illam,</span> <span class='ocrx_word' id='word_1_104' title='bbox 1230 2166 1353 2231; x_wconf 86' lang='lat' dir='ltr'>nullam</span> 
     </span>
     <span class='ocr_line' id='line_1_16' title="bbox 232 2280 1355 2347; baseline 0.003 -4"><span class='ocrx_word' id='word_1_105' title='bbox 232 2299 308 2346; x_wconf 92' lang='lat' dir='ltr'>vere</span> <span class='ocrx_word' id='word_1_106' title='bbox 341 2285 427 2346; x_wconf 87' lang='lat' dir='ltr'>amat</span> <span class='ocrx_word' id='word_1_107' title='bbox 457 2280 514 2346; x_wconf 88' lang='lat' dir='ltr'>sod</span> <span class='ocrx_word' id='word_1_108' title='bbox 543 2281 716 2346; x_wconf 88' lang='lat' dir='ltr'>identidem</span> <span class='ocrx_word' id='word_1_109' title='bbox 741 2280 780 2345; x_wconf 97' lang='lat' dir='ltr'>de</span> <span class='ocrx_word' id='word_1_110' title='bbox 803 2280 953 2345; x_wconf 91' lang='lat' dir='ltr'>omnibus</span> <span class='ocrx_word' id='word_1_111' title='bbox 977 2281 1220 2346; x_wconf 84' lang='lat' dir='ltr'>exercitationes</span> <span class='ocrx_word' id='word_1_112' title='bbox 1243 2280 1355 2347; x_wconf 87' lang='lat' dir='ltr'>scribit</span> 
     </span>
     <span class='ocr_line' id='line_1_17' title="bbox 232 2393 1353 2480; baseline 0.001 -22"><span class='ocrx_word' id='word_1_113' title='bbox 232 2395 381 2480; x_wconf 71' lang='lat' dir='ltr'>poeticas,</span> <span class='ocrx_word' id='word_1_114' title='bbox 404 2414 485 2479; x_wconf 86' lang='lat' dir='ltr'>quas</span> <span class='ocrx_word' id='word_1_115' title='bbox 509 2394 652 2480; x_wconf 82' lang='lat' dir='ltr'>expolire</span> <span class='ocrx_word' id='word_1_116' title='bbox 676 2394 806 2479; x_wconf 88' lang='lat' dir='ltr'>quidem</span> <span class='ocrx_word' id='word_1_117' title='bbox 829 2398 933 2478; x_wconf 88' lang='lat' dir='ltr'>potest</span> <span class='ocrx_word' id='word_1_118' title='bbox 954 2393 1054 2458; x_wconf 90' lang='lat' dir='ltr'>donoc</span> <span class='ocrx_word' id='word_1_119' title='bbox 1073 2395 1195 2459; x_wconf 87' lang='lat' dir='ltr'>niteant</span> <span class='ocrx_word' id='word_1_120' title='bbox 1207 2394 1353 2479; x_wconf 66' lang='lat' dir='ltr'>splende</span> 
     </span>
     <span class='ocr_line' id='line_1_18' title="bbox 233 2508 1354 2595; baseline 0.002 -22"><span class='ocrx_word' id='word_1_121' title='bbox 233 2512 362 2593; x_wconf 86' lang='lat' dir='ltr'>antque,</span> <span class='ocrx_word' id='word_1_122' title='bbox 396 2509 571 2593; x_wconf 91' lang='lat' dir='ltr'>quominus</span> <span class='ocrx_word' id='word_1_123' title='bbox 602 2511 668 2574; x_wconf 92' lang='lat' dir='ltr'>sint</span> <span class='ocrx_word' id='word_1_124' title='bbox 697 2508 830 2594; x_wconf 85' lang='lat' dir='ltr'>frigidae</span> <span class='ocrx_word' id='word_1_125' title='bbox 860 2509 1029 2595; x_wconf 90' lang='lat' dir='ltr'>prohibere</span> <span class='ocrx_word' id='word_1_126' title='bbox 1052 2528 1117 2574; x_wconf 92' lang='lat' dir='ltr'>non</span> <span class='ocrx_word' id='word_1_127' title='bbox 1140 2514 1262 2594; x_wconf 89' lang='lat' dir='ltr'>potest:</span> <span class='ocrx_word' id='word_1_128' title='bbox 1287 2529 1354 2575; x_wconf 91' lang='lat' dir='ltr'>non</span> 
     </span>
     <span class='ocr_line' id='line_1_19' title="bbox 232 2622 1353 2709; baseline 0.002 -21"><span class='ocrx_word' id='word_1_129' title='bbox 232 2625 316 2688; x_wconf 89' lang='lat' dir='ltr'>enim</span> <span class='ocrx_word' id='word_1_130' title='bbox 341 2624 484 2689; x_wconf 91' lang='lat' dir='ltr'>simulati</span> <span class='ocrx_word' id='word_1_131' title='bbox 509 2624 557 2688; x_wconf 94' lang='lat' dir='ltr'>illi</span> <span class='ocrx_word' id='word_1_132' title='bbox 579 2625 670 2708; x_wconf 84' lang='lat' dir='ltr'>ignes</span> <span class='ocrx_word' id='word_1_133' title='bbox 694 2623 830 2689; x_wconf 89' lang='lat' dir='ltr'>calorem</span> <span class='ocrx_word' id='word_1_134' title='bbox 854 2622 983 2688; x_wconf 87' lang='lat' dir='ltr'>habent.</span> <span class='ocrx_word' id='word_1_135' title='bbox 1006 2622 1121 2688; x_wconf 78' lang='lat' dir='ltr'>Confer</span> <span class='ocrx_word' id='word_1_136' title='bbox 1145 2624 1223 2688; x_wconf 89' lang='lat' dir='ltr'>mihi</span> <span class='ocrx_word' id='word_1_137' title='bbox 1243 2628 1353 2709; x_wconf 88' lang='lat' dir='ltr'>po&#39;e&#39;tas</span> 
     </span>
     <span class='ocr_line' id='line_1_20' title="bbox 231 2736 1355 2823; baseline 0.004 -23"><span class='ocrx_word' id='word_1_138' title='bbox 231 2736 312 2821; x_wconf 91' lang='lat' dir='ltr'>illos,</span> <span class='ocrx_word' id='word_1_139' title='bbox 335 2744 473 2822; x_wconf 85' lang='lat' dir='ltr'>quorum</span> <span class='ocrx_word' id='word_1_140' title='bbox 496 2757 633 2823; x_wconf 87' lang='lat' dir='ltr'>magnus</span> <span class='ocrx_word' id='word_1_141' title='bbox 652 2743 701 2803; x_wconf 90' lang='lat' dir='ltr'>ost</span> <span class='ocrx_word' id='word_1_142' title='bbox 719 2757 884 2821; x_wconf 86' lang='lat' dir='ltr'>numerus,</span> <span class='ocrx_word' id='word_1_143' title='bbox 906 2739 962 2822; x_wconf 91' lang='lat' dir='ltr'>qui</span> <span class='ocrx_word' id='word_1_144' title='bbox 983 2737 1128 2802; x_wconf 87' lang='lat' dir='ltr'>verbosis</span> <span class='ocrx_word' id='word_1_145' title='bbox 1147 2739 1355 2822; x_wconf 87' lang='lat' dir='ltr'>ventosisque</span> 
     </span>
     <span class='ocr_line' id='line_1_21' title="bbox 231 2850 1354 2936; baseline 0.004 -23"><span class='ocrx_word' id='word_1_146' title='bbox 231 2851 398 2916; x_wconf 89' lang='lat' dir='ltr'>versiculis</span> <span class='ocrx_word' id='word_1_147' title='bbox 433 2852 576 2917; x_wconf 90' lang='lat' dir='ltr'>universi</span> <span class='ocrx_word' id='word_1_148' title='bbox 611 2850 802 2916; x_wconf 89' lang='lat' dir='ltr'>feminarum</span> <span class='ocrx_word' id='word_1_149' title='bbox 833 2851 960 2936; x_wconf 82' lang='lat' dir='ltr'>generis</span> <span class='ocrx_word' id='word_1_150' title='bbox 992 2851 1104 2917; x_wconf 89' lang='lat' dir='ltr'>laudes</span> <span class='ocrx_word' id='word_1_151' title='bbox 1127 2850 1299 2936; x_wconf 90' lang='lat' dir='ltr'>celebrant,</span> <span class='ocrx_word' id='word_1_152' title='bbox 1322 2857 1354 2918; x_wconf 91' lang='grc'>11</span> 
     </span>
     <span class='ocr_line' id='line_1_22' title="bbox 232 2965 1354 3050; baseline 0.002 -20"><span class='ocrx_word' id='word_1_153' title='bbox 232 2965 378 3030; x_wconf 91' lang='lat' dir='ltr'>divinum</span> <span class='ocrx_word' id='word_1_154' title='bbox 412 2965 504 3031; x_wconf 93' lang='lat' dir='ltr'>illum</span> <span class='ocrx_word' id='word_1_155' title='bbox 535 2965 732 3030; x_wconf 74' lang='lat' dir='ltr'>Francorum</span> <span class='ocrx_word' id='word_1_156' title='bbox 766 2970 879 3049; x_wconf 87' lang='lat' dir='ltr'>vatem,</span> <span class='ocrx_word' id='word_1_157' title='bbox 912 2965 968 3050; x_wconf 92' lang='lat' dir='ltr'>qui</span> <span class='ocrx_word' id='word_1_158' title='bbox 992 2970 1023 3030; x_wconf 94' lang='lat' dir='ltr'>et</span> <span class='ocrx_word' id='word_1_159' title='bbox 1046 2965 1173 3031; x_wconf 92' lang='lat' dir='ltr'>iuvenis</span> <span class='ocrx_word' id='word_1_160' title='bbox 1196 2970 1228 3032; x_wconf 93' lang='lat' dir='ltr'>et</span> <span class='ocrx_word' id='word_1_161' title='bbox 1252 2986 1354 3032; x_wconf 79' lang='lat' dir='ltr'>senex</span> 
     </span>
     <span class='ocr_line' id='line_1_23' title="bbox 232 3079 1353 3165; baseline 0.004 -21"><span class='ocrx_word' id='word_1_162' title='bbox 232 3080 452 3165; x_wconf 86' lang='lat' dir='ltr'>octogenarius</span> <span class='ocrx_word' id='word_1_163' title='bbox 475 3100 574 3145; x_wconf 90' lang='lat' dir='ltr'>unam</span> <span class='ocrx_word' id='word_1_164' title='bbox 598 3081 721 3164; x_wconf 82' lang='lat' dir='ltr'>cecinit,</span> <span class='ocrx_word' id='word_1_165' title='bbox 740 3079 827 3163; x_wconf 83' lang='lat' dir='ltr'>illam</span> <span class='ocrx_word' id='word_1_166' title='bbox 849 3099 946 3165; x_wconf 93' lang='lat' dir='ltr'>quam</span> <span class='ocrx_word' id='word_1_167' title='bbox 966 3081 1061 3145; x_wconf 91' lang='lat' dir='ltr'>iustis</span> <span class='ocrx_word' id='word_1_168' title='bbox 1080 3081 1202 3165; x_wconf 88' lang='lat' dir='ltr'>nuptiis</span> <span class='ocrx_word' id='word_1_169' title='bbox 1215 3080 1353 3148; x_wconf 78' lang='lat' dir='ltr'>duxemt</span> 
     </span>
     <span class='ocr_line' id='line_1_24' title="bbox 232 3193 1350 3279; baseline 0.003 -21"><span class='ocrx_word' id='word_1_170' title='bbox 232 3213 377 3278; x_wconf 84' lang='lat' dir='ltr'>uxorem,</span> <span class='ocrx_word' id='word_1_171' title='bbox 410 3193 606 3259; x_wconf 87' lang='lat' dir='ltr'>carminibus</span> <span class='ocrx_word' id='word_1_172' title='bbox 638 3213 720 3279; x_wconf 89' lang='lat' dir='ltr'>quae</span> <span class='ocrx_word' id='word_1_173' title='bbox 743 3194 820 3279; x_wconf 92' lang='lat' dir='ltr'>quia</span> <span class='ocrx_word' id='word_1_174' title='bbox 842 3195 926 3259; x_wconf 89' lang='lat' dir='ltr'>vitae</span> <span class='ocrx_word' id='word_1_175' title='bbox 949 3193 1045 3278; x_wconf 92' lang='lat' dir='ltr'>plena</span> <span class='ocrx_word' id='word_1_176' title='bbox 1068 3198 1146 3259; x_wconf 91' lang='lat' dir='ltr'>sunt</span> <span class='ocrx_word' id='word_1_177' title='bbox 1169 3196 1350 3261; x_wconf 84' lang='lat' dir='ltr'>aeternitati</span> 
     </span>
     <span class='ocr_line' id='line_1_25' title="bbox 231 3308 1351 3393; baseline 0 -20"><span class='ocrx_word' id='word_1_178' title='bbox 231 3312 307 3386; x_wconf 86' lang='lat' dir='ltr'>nata</span> <span class='ocrx_word' id='word_1_179' title='bbox 336 3309 503 3374; x_wconf 90' lang='lat' dir='ltr'>videntur:</span> <span class='ocrx_word' id='word_1_180' title='bbox 528 3309 574 3374; x_wconf 90' lang='lat' dir='ltr'>sic</span> <span class='ocrx_word' id='word_1_181' title='bbox 597 3309 676 3393; x_wconf 94' lang='lat' dir='ltr'>quid</span> <span class='ocrx_word' id='word_1_182' title='bbox 698 3309 915 3373; x_wconf 89' lang='lat' dir='ltr'>interveram</span> <span class='ocrx_word' id='word_1_183' title='bbox 940 3308 1160 3392; x_wconf 90' lang='lat' dir='ltr'>sinceramque</span> <span class='ocrx_word' id='word_1_184' title='bbox 1183 3308 1296 3392; x_wconf 71' lang='lat' dir='ltr'>poesin</span> <span class='ocrx_word' id='word_1_185' title='bbox 1319 3312 1351 3373; x_wconf 91' lang='grc'>11</span> 
     </span>
     <span class='ocr_line' id='line_1_26' title="bbox 231 3420 1351 3508; baseline 0.001 -22"><span class='ocrx_word' id='word_1_186' title='bbox 231 3421 441 3490; x_wconf 86' lang='lat' dir='ltr'>adulterinam</span> <span class='ocrx_word' id='word_1_187' title='bbox 467 3424 715 3508; x_wconf 90' lang='lat' dir='ltr'>simulatamque</span> <span class='ocrx_word' id='word_1_188' title='bbox 738 3423 865 3488; x_wconf 89' lang='lat' dir='ltr'>intorsit</span> <span class='ocrx_word' id='word_1_189' title='bbox 887 3441 1049 3508; x_wconf 84' lang='lat' dir='ltr'>agnosces.</span> <span class='ocrx_word' id='word_1_190' title='bbox 1074 3421 1116 3487; x_wconf 83' lang='lat' dir='ltr'>Et</span> <span class='ocrx_word' id='word_1_191' title='bbox 1138 3420 1276 3505; x_wconf 78' lang='lat' dir='ltr'>Cynthia</span> <span class='ocrx_word' id='word_1_192' title='bbox 1294 3423 1351 3488; x_wconf 89' lang='lat' dir='ltr'>illa</span> 
     </span>
     <span class='ocr_line' id='line_1_27' title="bbox 230 3516 1351 3625; baseline 0.003 -24"><span class='ocrx_word' id='word_1_193' title='bbox 230 3516 387 3623; x_wconf 83' lang='lat' dir='ltr'>Propertii</span> <span class='ocrx_word' id='word_1_194' title='bbox 421 3538 556 3623; x_wconf 83' lang='lat' dir='ltr'>vivebat,</span> <span class='ocrx_word' id='word_1_195' title='bbox 587 3539 686 3604; x_wconf 93' lang='lat' dir='ltr'>immo</span> <span class='ocrx_word' id='word_1_196' title='bbox 708 3539 805 3604; x_wconf 89' lang='lat' dir='ltr'>vivit:</span> <span class='ocrx_word' id='word_1_197' title='bbox 828 3538 1011 3623; x_wconf 86' lang='lat' dir='ltr'>loquentem</span> <span class='ocrx_word' id='word_1_198' title='bbox 1035 3556 1104 3603; x_wconf 89' lang='lat' dir='ltr'>eam</span> <span class='ocrx_word' id='word_1_199' title='bbox 1128 3537 1351 3625; x_wconf 89' lang='lat' dir='ltr'>ridentemque</span> 
     </span>
     <span class='ocr_line' id='line_1_28' title="bbox 171 3634 1353 3737; baseline -0.001 -19"><span class='ocrx_word' id='word_1_200' title='bbox 171 3646 176 3667; x_wconf 67' lang='lat'>¹</span> <span class='ocrx_word' id='word_1_201' title='bbox 230 3652 390 3737; x_wconf 90' lang='lat' dir='ltr'>audimus,</span> <span class='ocrx_word' id='word_1_202' title='bbox 422 3634 641 3719; x_wconf 88' lang='lat' dir='ltr'>lacrimantem</span> <span class='ocrx_word' id='word_1_203' title='bbox 676 3654 830 3719; x_wconf 90' lang='lat' dir='ltr'>videmus.</span> <span class='ocrx_word' id='word_1_204' title='bbox 861 3651 947 3737; x_wconf 79' lang='lat' dir='ltr'>Ergo</span> <span class='ocrx_word' id='word_1_205' title='bbox 966 3651 1138 3736; x_wconf 56' lang='lat' dir='ltr'>,quidquid</span> <span class='ocrx_word' id='word_1_206' title='bbox 1169 3652 1208 3718; x_wconf 89' lang='lat' dir='ltr'>de</span> <span class='ocrx_word' id='word_1_207' title='bbox 1238 3671 1276 3718; x_wconf 86' lang='grc'>11</span> <span class='ocrx_word' id='word_1_208' title='bbox 1301 3653 1353 3718; x_wconf 92' lang='lat' dir='ltr'>vel</span> 
     </span>
     <span class='ocr_line' id='line_1_29' title="bbox 230 3746 1354 3852; baseline 0.002 -22"><span class='ocrx_word' id='word_1_209' title='bbox 230 3747 276 3830; x_wconf 88' lang='lat' dir='ltr'>ad</span> <span class='ocrx_word' id='word_1_210' title='bbox 301 3785 370 3832; x_wconf 92' lang='lat' dir='ltr'>eam</span> <span class='ocrx_word' id='word_1_211' title='bbox 400 3746 544 3852; x_wconf 88' lang='lat' dir='ltr'>loquitur</span> <span class='ocrx_word' id='word_1_212' title='bbox 566 3772 660 3852; x_wconf 81' lang='lat' dir='ltr'>potita</span> <span class='ocrx_word' id='word_1_213' title='bbox 683 3786 800 3852; x_wconf 88' lang='lat' dir='ltr'>corpus</span> <span class='ocrx_word' id='word_1_214' title='bbox 823 3765 917 3832; x_wconf 89' lang='lat' dir='ltr'>habet</span> <span class='ocrx_word' id='word_1_215' title='bbox 940 3784 1130 3850; x_wconf 91' lang='lat' dir='ltr'>nervosque.</span> <span class='ocrx_word' id='word_1_216' title='bbox 1154 3765 1221 3830; x_wconf 89' lang='lat' dir='ltr'>Alii</span> <span class='ocrx_word' id='word_1_217' title='bbox 1244 3766 1354 3832; x_wconf 84' lang='lat' dir='ltr'>dicant</span> 
     </span>
     <span class='ocr_line' id='line_1_30' title="bbox 229 3862 1353 3966; baseline 0.002 -22"><span class='ocrx_word' id='word_1_218' title='bbox 229 3862 323 3965; x_wconf 91' lang='lat' dir='ltr'>idem,</span> <span class='ocrx_word' id='word_1_219' title='bbox 366 3901 431 3946; x_wconf 94' lang='lat' dir='ltr'>non</span> <span class='ocrx_word' id='word_1_220' title='bbox 469 3887 518 3947; x_wconf 88' lang='lat' dir='ltr'>est</span> <span class='ocrx_word' id='word_1_221' title='bbox 552 3882 654 3963; x_wconf 89' lang='lat' dir='ltr'>idem;</span> <span class='ocrx_word' id='word_1_222' title='bbox 691 3883 748 3966; x_wconf 92' lang='lat' dir='ltr'>qui</span> <span class='ocrx_word' id='word_1_223' title='bbox 781 3881 872 3946; x_wconf 92' lang='lat' dir='ltr'>locus</span> <span class='ocrx_word' id='word_1_224' title='bbox 907 3886 955 3946; x_wconf 92' lang='lat' dir='ltr'>est</span> <span class='ocrx_word' id='word_1_225' title='bbox 987 3862 1172 3946; x_wconf 87' lang='lat' dir='ltr'>communis</span> <span class='ocrx_word' id='word_1_226' title='bbox 1207 3882 1353 3947; x_wconf 92' lang='lat' dir='ltr'>omnium</span> 
     </span>
     <span class='ocr_line' id='line_1_31' title="bbox 228 3984 1352 4082; baseline 0.001 -21"><span class='ocrx_word' id='word_1_227' title='bbox 228 4001 404 4082; x_wconf 78' lang='lat' dir='ltr'>potiturum,</span> <span class='ocrx_word' id='word_1_228' title='bbox 426 3997 622 4081; x_wconf 87' lang='lat' dir='ltr'>simulatque</span> <span class='ocrx_word' id='word_1_229' title='bbox 644 3995 830 4081; x_wconf 89' lang='lat' dir='ltr'>Propertius</span> <span class='ocrx_word' id='word_1_230' title='bbox 855 4015 929 4060; x_wconf 90' lang='lat' dir='ltr'>eum</span> <span class='ocrx_word' id='word_1_231' title='bbox 953 3996 992 4060; x_wconf 88' lang='lat' dir='ltr'>ad</span> <span class='ocrx_word' id='word_1_232' title='bbox 1017 4015 1052 4060; x_wconf 92' lang='grc'>11</span> <span class='ocrx_word' id='word_1_233' title='bbox 1072 3984 1214 4080; x_wconf 88' lang='lat' dir='ltr'>suosque</span> <span class='ocrx_word' id='word_1_234' title='bbox 1226 4015 1352 4062; x_wconf 85' lang='lat' dir='ltr'>amores</span> 
     </span>
     <span class='ocr_line' id='line_1_32' title="bbox 228 4107 1351 4197; baseline 0.001 -22"><span class='ocrx_word' id='word_1_235' title='bbox 228 4112 393 4195; x_wconf 88' lang='lat' dir='ltr'>convertit,</span> <span class='ocrx_word' id='word_1_236' title='bbox 426 4111 513 4175; x_wconf 91' lang='lat' dir='ltr'>illius</span> <span class='ocrx_word' id='word_1_237' title='bbox 545 4110 582 4176; x_wconf 92' lang='lat' dir='ltr'>fit</span> <span class='ocrx_word' id='word_1_238' title='bbox 610 4111 766 4197; x_wconf 88' lang='lat' dir='ltr'>proprius.</span> <span class='ocrx_word' id='word_1_239' title='bbox 796 4107 924 4194; x_wconf 89' lang='lat' dir='ltr'>Lepide,</span> <span class='ocrx_word' id='word_1_240' title='bbox 954 4114 992 4174; x_wconf 94' lang='lat' dir='ltr'>ut</span> <span class='ocrx_word' id='word_1_241' title='bbox 1014 4108 1075 4173; x_wconf 93' lang='lat' dir='ltr'>hoc</span> <span class='ocrx_word' id='word_1_242' title='bbox 1099 4114 1180 4193; x_wconf 89' lang='lat' dir='ltr'>utar,</span> <span class='ocrx_word' id='word_1_243' title='bbox 1203 4108 1351 4176; x_wconf 82' lang='lat' dir='ltr'>Tibullus</span> 
     </span>
     <span class='ocr_line' id='line_1_33' title="bbox 229 4223 947 4309; baseline -0.007 -19"><span class='ocrx_word' id='word_1_244' title='bbox 229 4224 354 4290; x_wconf 90' lang='lat' dir='ltr'>aemulo</span> <span class='ocrx_word' id='word_1_245' title='bbox 378 4224 456 4289; x_wconf 91' lang='lat' dir='ltr'>haec</span> <span class='ocrx_word' id='word_1_246' title='bbox 479 4227 674 4309; x_wconf 91' lang='lat' dir='ltr'>imprecatur</span> <span class='ocrx_word' id='word_1_247' title='bbox 696 4223 731 4308; x_wconf 81' lang='lat' dir='ltr'>(l,</span> <span class='ocrx_word' id='word_1_248' title='bbox 754 4223 782 4308; x_wconf 89' lang='lat'>9,</span> <span class='ocrx_word' id='word_1_249' title='bbox 807 4223 848 4286; x_wconf 80' lang='lat'>55</span> <span class='ocrx_word' id='word_1_250' title='bbox 873 4224 947 4307; x_wconf 84' lang='lat' dir='ltr'>sq.):</span> 
     </span>
    </p>
   </div>
   <div class='ocr_carea' id='block_1_6' title="bbox 0 0 1482 5130">
    <p class='ocr_par' dir='ltr' id='par_1_6' title="bbox 0 0 1482 5130">
     <span class='ocr_line' id='line_1_34' title="bbox 0 0 1482 5130; baseline 0 2"><span class='ocrx_word' id='word_1_251' title='bbox 0 0 1482 5130; x_wconf 95' lang='lat' dir='ltr'> </span> 
     </span>
    </p>
   </div>
  </div>
 </body>
</html>
