2954 5130
762 502 826 567 110

233 687 346 773 Honos,
369 689 426 773 qui
449 689 579 756 eandem
604 688 671 756 fere
693 690 858 756 continent
880 691 1071 757 sententiam
1094 697 1230 759 venuste
1250 712 1354 759 enun-

233 803 347 867 ciatam
370 802 424 887 (Π,
447 805 478 889 4,
504 804 545 869 19
569 806 647 890 aql:

364 966 418 1031 Ad
441 966 603 1033 dominam
625 967 735 1035 faciles
759 969 866 1035 aditus
888 989 946 1055 per
967 971 1109 1037 carmina
1133 990 1270 1056 quaero:

408 1080 458 1147 Ite
479 1083 600 1167 procul,
621 1081 744 1168 Musae,
767 1086 795 1149 si
817 1085 899 1150 nihil
920 1086 984 1150 ista
1006 1086 1122 1169 valent,

232 1256 387 1322 concedes
420 1260 527 1323 tamen
557 1256 838 1343 Propertienorum
862 1277 1017 1325 versuum
1039 1259 1224 1344 pleniorem,
1248 1263 1288 1324 ut
1308 1259 1354 1325 ita

232 1370 344 1454 dicam,
373 1373 617 1457 gravioremque
643 1390 713 1439 esse
736 1391 861 1457 sonum,
885 1374 943 1458 qui
966 1374 1069 1458 magis
1091 1373 1282 1458 respondeat
1304 1374 1354 1438 in·

233 1485 321 1550 timis
344 1486 604 1570 cogitationibus.

276 1595 349 1664 Hoc
378 1605 428 1665 est
455 1619 514 1664 cur
542 1605 648 1666 cantet
678 1599 881 1686 Propertius:
910 1602 979 1686 ipse
1003 1605 1098 1688 amat,
1119 1603 1188 1686 ipse
1212 1619 1354 1667 amorem

234 1712 395 1797 quendam
429 1732 542 1780 verum
574 1718 605 1779 et
634 1714 797 1779 ardentem
820 1717 918 1781 sentit
939 1716 974 1778 in
997 1715 1157 1800 medullis,
1183 1735 1259 1801 ergo
1282 1714 1355 1780 illos

232 1827 362 1893 demum
394 1829 507 1913 podsin
543 1847 635 1893 suam
666 1847 743 1895 vere
765 1827 899 1913 probare
920 1848 1015 1914 posse
1038 1829 1138 1894 credit
1162 1831 1219 1914 qui
1242 1828 1354 1895 eodem

232 1959 331 2007 sensu
355 1946 624 2008 commoveantur.
647 1940 720 2008 Hoc
743 1943 821 2008 dicit
843 1943 991 2009 versibus
1013 1942 1074 2023 111,
1098 1945 1150 2029 32,
1173 1945 1214 2008 81
1235 1964 1301 2030 sq:

362 2104 436 2172 Non
459 2110 566 2171 tamen
588 2105 666 2173 haec
690 2106 750 2172 ulli
772 2108 902 2174 venient
923 2109 1049 2193 ingrata
1067 2107 1195 2193 legenti,

407 2218 539 2286 sivein
563 2239 669 2286 amore
692 2220 792 2307 rudis,
816 2223 884 2287 sive
908 2224 1031 2308 peritus
1054 2223 1115 2287 erit

231 2397 563 2487 dffidffiw

362 2560 451 2628 Haeo
472 2566 569 2627 urant
591 2580 717 2647 pueros,
739 2560 818 2628 haec
839 2566 936 2628 urant
957 2563 1076 2647 scripta
1098 2562 1230 2648 puellas,

407 2675 525 2762 Meque
546 2676 643 2741 deum
666 2676 812 2761 clament,
834 2680 866 2742 et
888 2676 967 2740 mihi
990 2695 1081 2742 sacra
1104 2676 1216 2743 ferant

273 2851 322 2918 Ea
350 2872 448 2920 causa
476 2857 526 2919 est
548 2873 606 2918 cur
628 2851 685 2937 IV,
708 2855 750 2918 23
775 2853 911 2919 declaret
934 2855 1048 2921 ceteris
1071 2855 1217 2921 libellum
1242 2875 1352 2943 suum,

230 2987 326 3052 quem
367 2968 483 3054 amisit,
519 2969 642 3035 nullius
676 2986 746 3034 esse
779 2969 875 3054 pretii
908 2969 964 3036 sed
1000 2970 1133 3036 maximi
1168 2970 1230 3038 sibi
1264 2970 1350 3064 cyn-

229 3081 387 3168 thiaeque.

277 3196 388 3280 „Hoc”
422 3198 467 3262 ait
501 3195 571 3281 (111,
604 3197 635 3281 4,
666 3197 697 3279 7)
730 3216 808 3283 „ago
839 3202 876 3263 nt
906 3202 1015 3263 nostro
1038 3197 1187 3282 stupefiat
1210 3197 1350 3282 Cynthia

228 3329 334 3394 versu,
368 3311 415 3375 nil
445 3308 563 3376 aliud'.
594 3309 700 3396 Seque
722 3311 756 3375 id
776 3311 862 3396 quod
886 3313 982 3378 unice
1004 3313 1141 3396 cupierit
1162 3318 1348 3379 assecutum

229 3443 299 3491 esse
321 3426 425 3492 laetus
447 3430 624 3512 gratusque
646 3430 783 3493 testatur
805 3424 876 3512 (ΠΙ,
900 3426 953 3511 22,
976 3426 995 3488 5
1020 3428 1095 3511 sq.):

361 3591 445 3656 Nam
467 3609 538 3656 mea
560 3610 634 3656 cum
657 3591 778 3674 recitat,
802 3590 878 3655 dicit
901 3608 935 3655 se
958 3589 1064 3662 odisse
1085 3589 1212 3655 beatos:

405 3704 554 3770 Carmina
575 3710 640 3770 tam
663 3709 771 3771 sancte
793 3702 883 3770 nulla
904 3704 1012 3788 puella
1034 3704 1117 3768 colit

272 3880 379 3948 Verus
402 3881 526 3965 artifex,
548 3900 646 3948 verus
669 3885 763 3967 poeta
786 3884 885 3946 semet
907 3880 1016 3964 ipsum
1036 3880 1135 3963 norit,
1157 3879 1237 3964 quid
1248 3881 1352 3965 possit

229 3996 307 4080 quid
330 4015 396 4061 non
419 3998 522 4081 possit
544 3997 642 4061 sentit
660 4014 766 4080 neque
784 4014 929 4080 unquam
951 3993 1158 4077 obliviscitur,
1171 3993 1220 4060 vel
1232 3994 1352 4081 potius,

228 4131 303 4178 cnm
338 4110 373 4174 in
407 4114 474 4176 arte
507 4110 588 4174 nihil
622 4111 664 4175 sit
697 4111 751 4175 cui
781 4109 875 4194 plane
907 4109 950 4173 sit
976 4109 1088 4193 impar,
1120 4108 1199 4192 quid
1221 4110 1352 4195 egregie

226 4226 337 4312 possit,
372 4225 452 4310 quid
485 4224 585 4289 nihilo
620 4223 736 4290 melius
767 4242 864 4309 quam
893 4224 989 4289 ceteri
1019 4241 1141 4308 omnes,
1162 4223 1350 4312 expertast
