2954 5130
688 544 730 611 19

147 738 179 799 et
201 731 299 800 altera
317 733 468 800 carminis
487 739 575 819 parte
597 733 728 800 alteram
749 735 888 800 tollente
906 740 938 801 et
948 733 1149 820 infringente,
1161 734 1271 801 multis

149 846 255 913 verbis
278 847 395 912 dixerit
416 848 505 912 nihil.
529 845 622 925 Quod
647 848 698 913 hic
720 847 854 914 Horatio
879 851 993 915 evenit.
1020 848 1144 932 „Cave”
1164 851 1271 934 inquit

151 967 218 1054 ,tm
251 962 392 1026 hostium
426 962 524 1045 pestis
555 967 586 1026 et
615 960 790 1045 calamitas,
821 981 862 1028 ne
892 981 995 1029 meam
1018 982 1148 1029 moveas
1169 965 1268 1029 iram:

148 1080 217 1140 turn
242 1075 328 1140 enirn
352 1094 371 1138 a
394 1079 425 1139 te
449 1074 560 1139 eodem
585 1074 680 1139 modo
704 1091 821 1160 poenas
846 1094 972 1140 sumam
994 1096 1058 1161 quo
1079 1076 1270 1159 aLycambe

147 1188 360 1282 Archilochus
395 1192 427 1253 et
458 1208 477 1251 a
499 1186 624 1273 Bupalo
647 1186 852 1279 Hipponax?
876 1189 921 1254 At
946 1191 1022 1274 quid
1046 1190 1106 1255 hoc
1129 1193 1269 1257 carmine

146 1301 223 1366 fucit
257 1299 438 1368 Horatius?
470 1300 586 1367 Nonne
610 1301 825 1368 acerbissimis
848 1303 942 1378 illum
966 1304 1128 1372 hominem
1152 1305 1270 1371 lacerat

148 1414 351 1482 maledictis?
384 1414 473 1493 Quae
503 1434 578 1501 ergo
609 1417 658 1481 vis
689 1421 738 1481 est
767 1416 937 1483 verborum
961 1421 1095 1503 canis,
1118 1420 1270 1503 malus,

147 1534 238 1594 atro
262 1527 403 1614 dente,
427 1548 550 1614 quaeve
574 1547 726 1596 versuum
754 1531 773 1595 9
796 1535 828 1596 et
851 1532 893 1596 10

151 1750 152 1753 Ἴ
322 1668 378 1748 Tu,
401 1688 475 1736 cum
498 1670 640 1735 timenda
662 1689 741 1735 voce
764 1669 931 1757 complesti
951 1691 1077 1757 nemus,
1133 1693 1136 1698 ·

170 1779 172 1782 ⁴
291 1867 293 1871 Ι
367 1782 549 1849 Proiectum
574 1784 716 1850 odoraris
740 1783 873 1850 cibum?

190 1932 232 2000 Ilt
255 1935 283 1999 si
307 1953 485 2018 numquam
506 1931 674 2015 inimicum
694 1940 845 2021 expertus
864 1941 912 2002 est
930 1936 1090 2003 hominem
1103 1936 1267 2022 Horatius,

75 2052 77 2056 ’
146 2047 225 2132 quid
254 2052 320 2112 tam
344 2048 459 2113 acriter
479 2049 514 2111 in
535 2066 610 2113 eum
633 2048 821 2114 invehitur?
846 2046 931 2125 Quid
952 2051 1062 2116 minus
1086 2069 1179 2116 verae
1200 2028 1266 2118 irae

146 2180 304 2246 veraeque
322 2161 536 2247 indignationi
555 2163 715 2246 convenit,
734 2183 831 2248 quam
847 2183 921 2231 cum
935 2163 1099 2230 maledicis
1111 2165 1264 2232 clamare:

150 2276 233 2358 ,nisi
256 2274 383 2341 cavebis
407 2275 593 2343 maledicam
617 2273 720 2364 tibi''?

189 2387 231 2453 ll
253 2388 293 2452 In
324 2390 438 2474 quavis
469 2393 536 2453 arte
560 2389 616 2473 qni
639 2388 770 2453 modum
794 2394 902 2455 tenere
925 2391 1030 2481 nescit
1050 2392 1260 2475 spectantium

144 2502 384 2588 legentiumque
417 2502 550 2568 affectus
584 2508 691 2568 movet
721 2504 856 2587 propriis
886 2503 1051 2569 affectibus
1076 2506 1260 2570 contrarios.

144 2615 206 2700 Sic,
240 2619 297 2703 qui
330 2623 435 2683 orator
469 2617 577 2681 nimiis
610 2615 761 2682 laudibus
796 2618 901 2682 virum
937 2617 1076 2701 aliquem
1115 2620 1261 2702 quamvis

144 2751 297 2815 magnum
321 2729 454 2812 extollit,
477 2748 513 2794 eo
538 2747 604 2794 rem
627 2729 775 2814 perducit
797 2727 834 2795 ut
857 2730 897 2795 de
919 2731 1008 2796 illius
1031 2713 1153 2796 meritis
1175 2733 1262 2798 iusto

143 2845 244 2929 magis
279 2843 480 2923 dubitemus;
514 2844 571 2926 qui
600 2843 635 2907 in
660 2843 863 2908 convitiando
887 2849 987 2909 semet
1010 2846 1173 2910 continere
1196 2865 1262 2910 non

143 2965 247 3044 potest
279 2959 375 3025 efficit
388 3039 390 3042 Α
405 2964 442 3024 ut
472 2977 555 3043 eum,
578 2959 635 3042 qui
661 2959 837 3024 maledictis
860 2961 988 3042 petitur,
1014 2979 1079 3024 non
1103 2965 1167 3024 tarn
1191 2938 1262 3044 pra·

143 3092 220 3138 vum
254 3073 415 3138 hominem
451 3093 548 3156 quam
585 3073 709 3137 dicatur
740 3092 810 3138 esse
833 3073 1009 3139 credamus.
1035 3073 1098 3138 Sed
1121 3074 1198 3158 quid
1222 3074 1261 3139 de

142 3189 279 3273 propriis
309 3186 475 3252 affectibus
506 3186 645 3270 loquor?
668 3185 739 3250 Non
765 3188 851 3250 enirn
875 3188 932 3270 qui
955 3205 1067 3252 revers
1088 3188 1190 3252 iratus
1213 3194 1261 3253 est

111 3325 113 3328 ’
143 3321 258 3368 verave
288 3298 508 3366 commovetur
538 3300 754 3383 admiratione,
776 3300 841 3365 'sed
869 3301 926 3386 qui
948 3301 1027 3365 iram
1052 3300 1102 3365 vel
1126 3301 1261 3369 admira<-

141 3417 261 3481 tionem
285 3415 416 3480 simulat
438 3395 472 3477 in
496 3412 576 3478 illud
597 3413 683 3497 quod
703 3412 846 3478 dicebam
867 3414 981 3478 vitium
994 3415 1158 3478 incurrere
1170 3414 1261 3479 solet.

141 3529 186 3595 Ut
216 3530 260 3606 ¹ab
290 3530 351 3595 hoc
381 3530 521 3624 carmine
553 3527 736 3612 exemplum
760 3548 897 3613 sumam,
921 3529 984 3592 nisi
1008 3527 1147 3593 obstaret
1170 3527 1260 3615 Virg.

140 3629 408 3726 Ruentem*
543 3666 546 3672 ·
860 3648 875 3655 ”

252 3780 316 3859 Qui
338 3762 476 3847 Bavium
499 3800 565 3845 non
590 3780 664 3863 odit,
688 3785 773 3846 amet
795 3786 852 3846 tua
876 3782 1027 3866 carmina,
1052 3780 1156 3847 Macri
1191 3807 1193 3811 ⁷
1238 3758 1252 3812 f

138 3920 265 3986 nullum
278 3918 617 4005 ¹unquamvlrlaevium
640 3910 774 3986 Horatio
795 3914 911 3986 notum
934 3920 1043 4003 fuisse,
1068 3918 1124 3986 sed
1146 3919 1257 3987 fictum

138 4034 221 4099 illud
250 4055 269 4099 a
299 4038 392 4121 polita
421 4052 538 4098 nomen
569 4015 640 4099 esse
668 4025 878 4099 crederemus.
902 4033 974 4099 Hoc
997 4040 1103 4100 tamen
1126 4055 1256 4120 persua-

139 4149 303 4214 sissimum
333 4147 432 4213 nobis·
456 4153 513 4230 est,
544 4143 644 4232 quum
673 4166 801 4213 carmen
833 4147 1035 4232 scriberetur,
1068 4168 1173 4232 neque
1196 4151 1257 4214 iter

139 4281 214 4330 eum
243 4262 356 4343 iecisse
382 4280 488 4348 neque
516 4260 677 4329 facturum
704 4260 813 4328 luisse.
834 4261 910 4327 Tam
935 4262 1019 4328 enim
1044 4262 1171 4344 crudele
1196 4263 1252 4346 qui
