2954 5130
709 519 773 584 153

270 705 367 772 Nunc
390 706 477 791 piget
500 709 532 770 et
555 705 708 790 quereris,
730 702 906 805 quodtncn
930 707 986 768 aut
1006 703 1069 769 ista
1090 703 1241 769 voluntas

313 820 403 886 Tunc
424 821 487 886 fuit
509 825 652 885 autnon
676 825 725 886 est
746 838 835 885 nuuc
858 838 896 885 ea
916 819 1020 884 forma
1043 817 1110 882 tibi

270 935 448 1001 Datamen
471 934 649 1020 amplexus,
672 932 834 1018 oblitaque
856 932 974 1018 gaudia
1000 934 1115 1017 iunge:

314 1047 372 1133 Da,
393 1049 491 1132 huar,
514 1053 546 1116 et
569 1049 597 1114 si
620 1066 686 1113 nen
709 1047 797 1133 quod
819 1046 903 1130 volc,
926 1044 1013 1132 qued
1035 1046 1132 1111 volui

225 1212 275 1280 De
309 1233 345 1279 se
377 1214 510 1299 suisque
539 1211 702 1278 amoribus
734 1211 812 1296 quid
842 1211 999 1277 sentirent
1028 1209 1161 1275 lectores
1184 1228 1298 1294 parum

178 1319 311 1394 curasse
344 1327 514 1394 Horatium
550 1326 724 1392 dummodo
760 1344 888 1392 carmen
922 1343 1074 1391 numeros
1106 1325 1230 1389 veniret
1259 1323 1299 1388 ad

179 1432 271 1528 aptos
293 1461 335 1508 ex
360 1442 411 1507 his
434 1441 473 1507 dc
495 1439 648 1527 Ligurino
671 1426 868 1506 carminibus
890 1441 970 1504 satis
991 1440 1056 1504 iam
1080 1443 1219 1524 apparet,
1243 1438 1299 1504 sed

178 1559 288 1624 nescio
311 1577 352 1621 an
376 1557 492 1622 melius
515 1557 611 1622 etiam
632 1555 718 1621 idem
738 1555 850 1621 deceat
872 1574 999 1621 carmen
1023 1556 1210 1639 ceteroquin
1221 1554 1299 1620 satis

178 1677 354 1739 venustum
391 1671 479 1757 qnod
512 1690 601 1736 nunc
634 1670 771 1736 afferam.
804 1669 863 1736 Est
893 1669 951 1754 IV,
985 1670 1034 1734 11.
1065 1669 1185 1734 Invitat
1207 1673 1300 1754 pcdta

179 1786 362 1870 Phyllidem
387 1793 423 1851 ut
446 1805 555 1852 secum
576 1784 769 1851 Maecenatis
789 1785 874 1850 diem
893 1783 1030 1849 celebret
1040 1783 1189 1869 natalem,
1201 1783 1301 1848 versi·

179 1901 263 1966 culis
295 1900 507 1983 nitidissimis,
540 1900 573 1963 in
611 1898 729 1985 quibus
764 1899 811 1963 nil
844 1897 1142 1983 reprehendendum
1173 1896 1301 1962 videtur

179 2019 305 2100 praeter
327 2013 482 2080 vocabula

778 2124 832 2189 Mn
853 2125 913 2190 hac

446 2238 533 2306 Luce
556 2239 724 2306 Maecenas
746 2258 838 2305 meus
865 2238 1034 2305 affluentes

331 2342 333 2345 ⁵
491 2352 626 2419 Ordinat
648 2373 749 2420 anncs

179 2529 220 2595 de
255 2527 374 2614 quibus
405 2547 503 2612 supra
532 2528 596 2593 iam
628 2528 775 2593 vidimus.
799 2527 992 2612 Venustum,
1018 2529 1077 2612 aio,
1101 2547 1230 2594 carmen
1253 2534 1302 2595 est

179 2648 212 2708 et
241 2643 442 2727 aptissimum
470 2642 590 2707 hilares
614 2641 861 2727 splendidasque
884 2642 1008 2726 paranti
1032 2641 1160 2727 epulas:
1185 2644 1301 2708 vivunt

178 2757 214 2820 in
248 2774 285 2820 ec
316 2757 503 2841 spirantque
533 2755 721 2820 omnia...
743 2760 867 2840 praeter
897 2774 1047 2841 amorem,
1072 2756 1129 2842 qui
1152 2777 1300 2843 magnam

179 2874 314 2955 occupat
343 2870 494 2935 carminis
524 2875 664 2955 partem:
686 2870 716 2934 is
739 2870 829 2935 sulus
850 2875 998 2935 mortuus
1021 2876 1070 2937 est
1090 2870 1300 2957 frigidusque.

180 2982 261 3061 Quis
284 2985 371 3048 enim
395 3002 470 3048 vere
492 3003 605 3048 amans
628 2984 676 3049 sic
698 2983 860 3068 loquitur:
888 2984 1056 3069 ,Agedum
1077 2984 1211 3071 Phyllis,
1229 2986 1302 3071 pul·

178 3098 294 3163 chrum
324 3098 423 3162 istum
446 3096 651 3183 nobilemque
669 3098 735 3161 iam
759 3098 851 3162 mitte
872 3096 1064 3183 Telephum
1088 3099 1117 3164 is
1141 3104 1174 3164 te
1196 3120 1301 3184 asper·

178 3216 285 3295 natur,
307 3211 387 3294 iure,
411 3215 448 3275 ut
473 3210 551 3275 mihi
574 3210 717 3290 videtur3
743 3230 794 3276 me
817 3229 892 3297 ergo
916 3216 1065 3277 contente
1088 3210 1202 3278 estc'‘?
1222 3211 1302 3276 Mihi

178 3331 265 3391 certe
297 3326 359 3390 ista
393 3325 512 3410 legenti
540 3326 575 3390 iu
607 3330 745 3391 mentem
776 3327 865 3390 venit
893 3326 1104 3410 Antisthenis,
1136 3327 1192 3412 qui
1215 3327 1301 3412 apud

177 3439 428 3524 Xenophontem
451 3437 559 3522 (Conv.
582 3439 641 3525 IV,
666 3440 719 3521 38)
742 3439 781 3504 de
805 3458 840 3504 se
862 3439 1033 3524 gloriatur:

225 3552 259 3627 ἢν
281 3550 313 3618 δέ
336 3575 408 3618 ποτε
430 3551 483 3619 aa>
506 3550 713 3635 ἀφροδισιάσαι
737 3552 770 3617 τὸ
791 3550 881 3631 σῶμά
904 3575 961 3631 μου
983 3551 1079 3634 δεηθῇ,
1103 3549 1175 3618 οὕτω
1199 3575 1248 3632 μοι
1268 3552 1301 3618 τὸ

178 3667 270 3749 παρὸν
305 3668 389 3742 deas?
420 3663 494 3731 ὥστε
527 3660 574 3738 alc
606 3664 643 3731 ἂν
677 3665 824 3748 aporiata
856 3664 1115 3748 ὑσεριισπάζοντιιί
1135 3689 1176 3745 με
1198 3664 1248 3731 διὰ
1269 3665 1302 3731 τὸ

181 3778 410 3859 assiduabatur
433 3781 543 3854 abacia
566 3779 671 3845 ἐθέλειν
694 3779 847 3863 προσιέναι.

226 3893 352 3959 Horum
377 3913 451 3980 ergo
475 3895 553 3959 mihi
573 3893 743 3960 verborum
762 3896 798 3959 in
817 3900 956 3959 mentem
977 3895 1304 3979 venitsimulque....

182 4008 342 4074 secundae
375 4010 471 4094 primi
503 4009 577 4074 libri
611 4010 726 4074 satirae
760 4009 962 4074 Horatianae.
997 4009 1090 4073 Illam
1125 4010 1210 4074 enim
1246 4010 1303 4094 qui

183 4123 310 4207 scripsit
342 4140 408 4187 nen
441 4124 470 4188 is
500 4128 548 4188 est
578 4124 635 4208 qui
659 4143 751 4188 veros
774 4124 990 4208 honestusque
1012 4142 1135 4188 amores
1158 4123 1300 4208 pulchn's

182 4237 333 4323 depingat
362 4235 531 4303 coloribus.
563 4236 626 4303 Sed
651 4238 691 4302 ad
715 4237 896 4320 Phyllidem
918 4237 1095 4303 redeamus.
1122 4238 1212 4324 ,Age
1234 4239 1298 4303 iam
