2954 5130
718 465 890 572 46ι

181 702 294 782 sponte
323 714 451 761 carmen
481 714 633 761 numeros
664 697 788 762 veniret
819 696 859 760 ad
883 700 982 781 aptot,
1005 694 1061 760 sed
1084 713 1162 761 casn
1186 701 1218 762 et
1240 697 1303 762 for·

181 813 262 876 tuito
283 815 408 894 poetam
433 813 638 894 quaerentem
660 828 801 894 quonam
822 808 916 874 modo
930 828 1005 873 suas
1017 809 1053 871 in
1065 813 1166 873 metro
1179 809 1299 876 Graeco

180 926 379 1011 experiretur
401 925 486 990 vires
508 924 542 988 in
565 923 646 989 illud
668 925 829 989 incidisse
853 923 986 988 Metrica
1009 924 1095 988 enim
1115 927 1300 991 exercitatio

181 1043 238 1122 est,
261 1057 327 1104 non
358 1056 495 1103 carmen.
519 1034 613 1114 Quod
636 1043 742 1103 autem
765 1039 827 1103 viri
851 1038 935 1103 docti
958 1039 1058 1114 aiunt,
1079 1043 1222 1122 tempore
1245 1043 1301 1105 aut

179 1154 314 1238 primam
337 1157 393 1217 aut
414 1152 499 1217 inber
520 1152 640 1236 primas
663 1153 745 1217 hanc
769 1150 808 1216 ab
828 1149 961 1215 Horatio
980 1151 1073 1215 odam
1092 1150 1207 1216 factam
1221 1171 1300 1236 esse,

179 1266 213 1329 id
236 1265 329 1330 valde
357 1265 434 1328 mihi
456 1263 618 1349 probabile
642 1265 776 1330 videtur.
802 1263 886 1347 (Non
910 1263 950 1328 ob
974 1264 1158 1328 trochaeum
1181 1265 1300 1350 Ignis

179 1379 213 1443 in
244 1380 336 1444 initio
366 1397 480 1444 versus
503 1377 670 1461 Glyconici
692 1380 850 1463 positum:
875 1377 1010 1443 subtiles
1033 1379 1118 1442 enim
1143 1380 1300 1444 eiusmodi

180 1489 418 1557 observationes
452 1491 531 1555 mihi
563 1491 692 1575 quidem
722 1492 809 1556 haud
840 1511 989 1575 magnam
1011 1490 1128 1556 habere
1152 1492 1302 1559 videntur

179 1606 394 1692 persuadendi
427 1607 503 1670 vim.
539 1606 643 1671 Semel
677 1625 783 1672 errare
812 1607 916 1691 potuit
945 1610 1056 1690 polita,
1078 1608 1183 1691 potuit
1205 1609 1300 1673 ctiam

179 1719 300 1806 Ignis
319 1720 480 1785 Iliacas
499 1720 577 1784 vitio
589 1739 630 1785 ex
649 1719 1032 1805 IgnisPergameas
1052 1722 1160 1800 nasci).
1173 1719 1301 1786 Puerile

180 1836 266 1900 enim
300 1835 424 1919 aliquid
453 1833 564 1899 habet:
589 1835 647 1919 qui
669 1839 775 1900 autem
800 1837 940 1919 primum
964 1853 1122 1898 novorum
1146 1853 1299 1900 versuum

178 1947 255 2012 facit
275 1948 466 2033 periculum,
486 1949 562 2013 licet
584 1967 686 2012 annos
710 1947 776 2013 fere
799 1949 841 2012 35
867 1953 962 2012 natus
985 1948 1035 2031 sit,
1060 1948 1222 2013 tamenin
1241 1949 1301 2013 hoc

75 2063 78 2068 ’
108 2100 110 2104 »
180 2062 308 2145 quidem
333 2060 441 2127 labore
462 2063 555 2146 pueri
576 2063 610 2125 in
635 2061 743 2126 schola
766 2062 918 2126 discentis
940 2063 1044 2126 instar
1066 2067 1123 2126 est
1148 2060 1211 2126 Sed
1230 2081 1301 2146 per-

179 2195 347 2242 curramus
365 2194 502 2241 carmon.
523 2172 630 2252 Quum
642 2174 734 2240 Paris
746 2176 825 2257 (sive
844 2174 1009 2257 Pastor,
1029 2174 1298 2259 quemadmodum

179 2294 229 2354 sat
251 2287 386 2354 obscure
408 2289 502 2354 metri
525 2307 622 2352 causa
645 2306 720 2352 eum
743 2289 888 2352 nominat
910 2291 1013 2371 polita)
1032 2287 1190 2353 Helenam
1210 2290 1300 2354 navi-

178 2402 240 2467 bns
275 2421 382 2468 secum
416 2403 555 2486 duceret,
585 2402 720 2467 Proteus
752 2402 956 2486 (probabilior
979 2405 1063 2469 enim
1088 2404 1176 2487 haec,
1202 2424 1299 2489 quam

178 2517 355 2603 Porphyrio
386 2519 533 2600 servavit,
562 2517 654 2582 lectio
679 2523 727 2582 θεῖ
751 2538 847 2601 quam
871 2518 1001 2601 vulgata
1022 2517 1053 2581 N
1062 2537 1204 2602 erens,
1226 2519 1301 2584 licet

178 2632 280 2716 magis
316 2631 411 2695 etiam
446 2631 488 2694 sit
517 2630 701 2695 mirandum
732 2649 831 2715 penes
862 2629 1014 2695 Proteum
1047 2629 1215 2696 arbitrium
1240 2652 1299 2696 un-

179 2764 276 2830 quam
305 2743 405 2809 fuisse
434 2748 604 2808 ventorum
635 2764 732 2829 quam
755 2762 853 2828 penes
876 2743 1038 2827 Nereum),
1062 2743 1199 2810 Proteus
1224 2763 1299 2830 ergo

178 2863 276 2944 caput
297 2858 415 2923 extulit
439 2858 542 2936 undis,
566 2863 602 2922 ut
621 2859 661 2923 de
680 2858 799 2941 Troiae,
818 2858 1003 2943 praesertim
1025 2862 1132 2923 autem
1146 2859 1185 2924 do
1196 2860 1298 2944 ipsius

177 2974 302 3039 Paridis
336 2970 420 3039 sorte
449 2974 559 3037 futura
589 2977 716 3037 caneret
745 2973 941 3037 vaticinium.
965 2971 1027 3037 Sed
1049 2974 1195 3055 ineptum
1219 2975 1299 3038 vati-

167 3089 300 3153 cinium
323 3092 425 3152 estet
449 3087 507 3152 deo
533 3087 641 3172 aliquo
667 3089 847 3169 „minorum
872 3087 1037 3171 gentium''
1062 3086 1297 3172 dignissimum.

180 3200 315 3285 „Nonne
338 3199 449 3266 vides'’
473 3201 517 3264 cit
538 3204 638 3285 ,quot
658 3206 842 3284 quantaque
861 3204 892 3264 te
911 3201 1120 3265 circumstent
1137 3201 1297 3284 pericula;

178 3335 251 3382 ecoe
283 3318 412 3380 irruunt
441 3316 476 3379 in
500 3321 531 3381 te
554 3316 754 3380 Achivorum
777 3315 952 3396 fortissimi,
976 3320 1098 3380 certum
1121 3315 1181 3380 tibi
1204 3318 1298 3381 mini·

178 3435 281 3496 tentes
312 3431 463 3494 exitium:
492 3429 587 3512 Aiax,
610 3429 754 3514 Ulysses,
778 3428 904 3512 Nestor,
927 3428 1106 3510 Sthenelus,
1129 3429 1299 3514 Meriones,

177 3541 380 3609 Diomedes.’'
422 3541 471 3607 De
504 3541 657 3617 Menelao,
692 3541 877 3624 Philoctete,
911 3541 1036 3623 Pyrrho
1071 3540 1165 3615 οὐδεὶς
1200 3543 1296 3623 λόγος.

177 3656 364 3742 Aegerrime
397 3660 504 3720 tamen
538 3655 585 3719 illi
619 3657 652 3718 in
687 3655 845 3720 eiusmodi
876 3656 1025 3720 vaticinio
1057 3657 1297 3724 desiderantur:

177 3771 315 3836 Menelai
349 3772 434 3836 enim
470 3771 550 3834 iram
580 3769 788 3854 gladiumque
817 3770 875 3832 vix
905 3769 1017 3854 effugit
1039 3769 1141 3856 Paris,
1165 3773 1296 3838 tandem

177 3890 234 3950 aut
266 3884 452 3951 Philoctetis
482 3882 659 3949 inevitabili
689 3889 738 3948 θεῖ
764 3882 928 3967 perfossus
951 3886 1067 3968 sagitta
1090 3890 1146 3950 aut
1169 3885 1297 3969 Pyrrho

178 3999 265 4064 dedit
282 4017 409 4084 poenas.
433 3997 496 4063 Sed
520 3999 594 4082 quis
616 3997 707 4060 locus
730 3996 795 4060 illis
819 4015 956 4079 quorum
974 3997 1071 4082 longa
1090 4006 1298 4066 enumeratur

176 4113 300 4179 series?
323 4113 387 4195 An,
409 4111 466 4177 ubi
489 4130 593 4176 sermo
618 4115 667 4175 eet
686 4109 725 4173 de
744 4107 827 4173 bello
846 4108 990 4194 Troiano,
1000 4111 1139 4178 illustria
1151 4114 1297 4198 Achillis,

176 4227 314 4310 Ulyssis,
337 4226 456 4309 Aiacis,
477 4223 624 4291 Nestoris
647 4223 778 4288 nomina
800 4223 886 4288 sileri
906 4243 970 4288 non
990 4228 1150 4309 possunt?
1169 4229 1296 4310 Audi03
