<?xml version="1.0" encoding="UTF-8"?>
<!DOCTYPE html PUBLIC "-//W3C//DTD XHTML 1.0 Transitional//EN"
    "http://www.w3.org/TR/xhtml1/DTD/xhtml1-transitional.dtd">
<html xmlns="http://www.w3.org/1999/xhtml" xml:lang="en" lang="en">
 <head>
  <title>
</title>
<meta http-equiv="Content-Type" content="text/html;charset=utf-8" />
  <meta name='ocr-system' content='tesseract 3.04.00' />
  <meta name='ocr-capabilities' content='ocr_page ocr_carea ocr_par ocr_line ocrx_word'/>
</head>
<body>
  <div class='ocr_page' id='page_1' title='image "./dehoratiopota00hartgoog_0125.png"; bbox 0 0 2954 5130; ppageno 0'>
   <div class='ocr_carea' id='block_1_1' title="bbox 704 502 768 564">
    <p class='ocr_par' dir='ltr' id='par_1_1' title="bbox 704 502 768 564">
     <span class='ocr_line' id='line_1_1' title="bbox 704 502 768 564; baseline 0.016 -1"><span class='ocrx_word' id='word_1_1' title='bbox 704 502 768 564; x_wconf 83' lang='lat'>114</span> 
     </span>
    </p>
   </div>
   <div class='ocr_carea' id='block_1_2' title="bbox 310 685 1190 866">
    <p class='ocr_par' dir='ltr' id='par_1_2' title="bbox 310 685 1190 866">
     <span class='ocr_line' id='line_1_2' title="bbox 310 685 1190 772; baseline 0.006 -23"><span class='ocrx_word' id='word_1_2' title='bbox 310 685 432 750; x_wconf 80' lang='lat' dir='ltr'>Cuncta</span> <span class='ocrx_word' id='word_1_3' title='bbox 453 691 530 750; x_wconf 89' lang='lat' dir='ltr'>tuus</span> <span class='ocrx_word' id='word_1_4' title='bbox 553 686 699 771; x_wconf 79' lang='lat' dir='ltr'>sepelivit</span> <span class='ocrx_word' id='word_1_5' title='bbox 721 706 818 770; x_wconf 84' lang='lat' dir='ltr'>amor,</span> <span class='ocrx_word' id='word_1_6' title='bbox 840 706 900 752; x_wconf 90' lang='lat' dir='ltr'>nec</span> <span class='ocrx_word' id='word_1_7' title='bbox 922 686 1041 752; x_wconf 85' lang='lat' dir='ltr'>femina</span> <span class='ocrx_word' id='word_1_8' title='bbox 1063 693 1135 772; x_wconf 88' lang='lat' dir='ltr'>post</span> <span class='ocrx_word' id='word_1_9' title='bbox 1157 694 1190 754; x_wconf 90' lang='lat' dir='ltr'>te</span> 
     </span>
     <span class='ocr_line' id='line_1_3' title="bbox 355 799 998 866; baseline 0.002 -3"><span class='ocrx_word' id='word_1_10' title='bbox 355 799 426 863; x_wconf 88' lang='lat' dir='ltr'>Ulla</span> <span class='ocrx_word' id='word_1_11' title='bbox 449 799 535 864; x_wconf 84' lang='lat' dir='ltr'><strong>dedit</strong></span> <span class='ocrx_word' id='word_1_12' title='bbox 558 799 639 864; x_wconf 89' lang='lat' dir='ltr'>collo</span> <span class='ocrx_word' id='word_1_13' title='bbox 663 800 769 864; x_wconf 87' lang='lat' dir='ltr'>dulcia</span> <span class='ocrx_word' id='word_1_14' title='bbox 791 800 898 864; x_wconf 80' lang='lat' dir='ltr'>vincla</span> <span class='ocrx_word' id='word_1_15' title='bbox 918 819 998 866; x_wconf 92' lang='lat' dir='ltr'>meo.</span> 
     </span>
    </p>
   </div>
   <div class='ocr_carea' id='block_1_3' title="bbox 177 986 1298 1980">
    <p class='ocr_par' dir='ltr' id='par_1_3' title="bbox 177 986 1298 1980">
     <span class='ocr_line' id='line_1_4' title="bbox 221 986 1297 1073; baseline 0.004 -23"><span class='ocrx_word' id='word_1_16' title='bbox 221 986 263 1052; x_wconf 86' lang='lat' dir='ltr'>Et</span> <span class='ocrx_word' id='word_1_17' title='bbox 286 987 434 1052; x_wconf 79' lang='lat' dir='ltr'>admonet</span> <span class='ocrx_word' id='word_1_18' title='bbox 457 1007 508 1052; x_wconf 89' lang='lat' dir='ltr'>me</span> <span class='ocrx_word' id='word_1_19' title='bbox 531 989 618 1071; x_wconf 92' lang='lat' dir='ltr'>prior</span> <span class='ocrx_word' id='word_1_20' title='bbox 636 986 690 1051; x_wconf 90' lang='lat' dir='ltr'>ille</span> <span class='ocrx_word' id='word_1_21' title='bbox 712 987 802 1052; x_wconf 86' lang='lat' dir='ltr'>locus</span> <span class='ocrx_word' id='word_1_22' title='bbox 821 988 1007 1052; x_wconf 80' lang='lat' dir='ltr'>recentioris</span> <span class='ocrx_word' id='word_1_23' title='bbox 1020 988 1121 1052; x_wconf 91' lang='lat' dir='ltr'>multo</span> <span class='ocrx_word' id='word_1_24' title='bbox 1134 990 1297 1073; x_wconf 83' lang='lat' dir='ltr'>carminis,</span> 
     </span>
     <span class='ocr_line' id='line_1_5' title="bbox 179 1100 1297 1186; baseline 0.001 -21"><span class='ocrx_word' id='word_1_25' title='bbox 179 1102 264 1186; x_wconf 92' lang='lat' dir='ltr'>quod</span> <span class='ocrx_word' id='word_1_26' title='bbox 299 1103 351 1165; x_wconf 91' lang='lat' dir='ltr'>hio</span> <span class='ocrx_word' id='word_1_27' title='bbox 384 1102 553 1185; x_wconf 88' lang='lat' dir='ltr'>praeterire</span> <span class='ocrx_word' id='word_1_28' title='bbox 589 1120 652 1165; x_wconf 92' lang='lat' dir='ltr'>non</span> <span class='ocrx_word' id='word_1_29' title='bbox 683 1120 827 1184; x_wconf 87' lang='lat' dir='ltr'>possum.</span> <span class='ocrx_word' id='word_1_30' title='bbox 857 1100 954 1164; x_wconf 89' lang='lat' dir='ltr'>Anno</span> <span class='ocrx_word' id='word_1_31' title='bbox 984 1102 1085 1165; x_wconf 78' lang='lat' dir='ltr'>nestri</span> <span class='ocrx_word' id='word_1_32' title='bbox 1108 1101 1230 1167; x_wconf 85' lang='lat' dir='ltr'>saeculi</span> <span class='ocrx_word' id='word_1_33' title='bbox 1255 1103 1297 1166; x_wconf 85' lang='grc'>64</span> 
     </span>
     <span class='ocr_line' id='line_1_6' title="bbox 178 1214 1296 1301; baseline 0.001 -21"><span class='ocrx_word' id='word_1_34' title='bbox 178 1235 304 1280; x_wconf 86' lang='lat' dir='ltr'>carmen</span> <span class='ocrx_word' id='word_1_35' title='bbox 329 1216 488 1299; x_wconf 84' lang='lat' dir='ltr'>quoddam</span> <span class='ocrx_word' id='word_1_36' title='bbox 514 1214 639 1279; x_wconf 82' lang='lat' dir='ltr'>Goethii</span> <span class='ocrx_word' id='word_1_37' title='bbox 662 1235 680 1280; x_wconf 89' lang='lat' dir='ltr'>e</span> <span class='ocrx_word' id='word_1_38' title='bbox 702 1214 842 1280; x_wconf 87' lang='lat' dir='ltr'>tenebris</span> <span class='ocrx_word' id='word_1_39' title='bbox 867 1220 1062 1298; x_wconf 87' lang='lat' dir='ltr'>protractum</span> <span class='ocrx_word' id='word_1_40' title='bbox 1087 1221 1144 1300; x_wconf 91' lang='lat' dir='ltr'>est,</span> <span class='ocrx_word' id='word_1_41' title='bbox 1166 1218 1202 1280; x_wconf 92' lang='lat' dir='ltr'>in</span> <span class='ocrx_word' id='word_1_42' title='bbox 1226 1218 1296 1301; x_wconf 92' lang='lat' dir='ltr'>qui·</span> 
     </span>
     <span class='ocr_line' id='line_1_7' title="bbox 177 1327 1297 1415; baseline 0.003 -22"><span class='ocrx_word' id='word_1_43' title='bbox 177 1328 239 1394; x_wconf 88' lang='lat' dir='ltr'>bus</span> <span class='ocrx_word' id='word_1_44' title='bbox 272 1327 390 1413; x_wconf 85' lang='lat' dir='ltr'>latebat</span> <span class='ocrx_word' id='word_1_45' title='bbox 423 1334 532 1409; x_wconf 82' lang='lat' dir='ltr'>antea3</span> <span class='ocrx_word' id='word_1_46' title='bbox 568 1328 699 1393; x_wconf 89' lang='lat' dir='ltr'>titulum</span> <span class='ocrx_word' id='word_1_47' title='bbox 733 1327 827 1393; x_wconf 88' lang='lat' dir='ltr'>habet</span> <span class='ocrx_word' id='word_1_48' title='bbox 860 1329 936 1412; x_wconf 85' lang='lat' dir='ltr'>„das</span> <span class='ocrx_word' id='word_1_49' title='bbox 966 1329 1158 1414; x_wconf 82' lang='lat' dir='ltr'>Pagebuch’&#39;</span> <span class='ocrx_word' id='word_1_50' title='bbox 1183 1336 1297 1415; x_wconf 86' lang='lat' dir='ltr'>estque</span> 
     </span>
     <span class='ocr_line' id='line_1_8' title="bbox 178 1443 1298 1528; baseline 0.003 -22"><span class='ocrx_word' id='word_1_51' title='bbox 178 1443 335 1507; x_wconf 88' lang='lat' dir='ltr'>eiusmodi</span> <span class='ocrx_word' id='word_1_52' title='bbox 364 1448 399 1507; x_wconf 91' lang='lat' dir='ltr'>ut</span> <span class='ocrx_word' id='word_1_53' title='bbox 421 1462 569 1507; x_wconf 90' lang='lat' dir='ltr'>censores</span> <span class='ocrx_word' id='word_1_54' title='bbox 592 1443 766 1507; x_wconf 85' lang='lat' dir='ltr'>severiores</span> <span class='ocrx_word' id='word_1_55' title='bbox 790 1462 887 1526; x_wconf 91' lang='lat' dir='ltr'>quam</span> <span class='ocrx_word' id='word_1_56' title='bbox 911 1443 1134 1526; x_wconf 86' lang='lat' dir='ltr'>prudentiores</span> <span class='ocrx_word' id='word_1_57' title='bbox 1156 1445 1298 1528; x_wconf 82' lang='lat' dir='ltr'>graviter</span> 
     </span>
     <span class='ocr_line' id='line_1_9' title="bbox 177 1556 1296 1640; baseline 0.001 -20"><span class='ocrx_word' id='word_1_58' title='bbox 177 1556 406 1639; x_wconf 89' lang='lat' dir='ltr'>reprehendere</span> <span class='ocrx_word' id='word_1_59' title='bbox 435 1558 575 1640; x_wconf 89' lang='lat' dir='ltr'>possint;</span> <span class='ocrx_word' id='word_1_60' title='bbox 608 1557 664 1620; x_wconf 91' lang='lat' dir='ltr'>sed</span> <span class='ocrx_word' id='word_1_61' title='bbox 696 1557 753 1640; x_wconf 94' lang='lat' dir='ltr'>qui</span> <span class='ocrx_word' id='word_1_62' title='bbox 777 1556 877 1621; x_wconf 88' lang='lat' dir='ltr'>solam</span> <span class='ocrx_word' id='word_1_63' title='bbox 901 1557 965 1619; x_wconf 88' lang='lat' dir='ltr'>vim</span> <span class='ocrx_word' id='word_1_64' title='bbox 989 1558 1143 1640; x_wconf 73' lang='lat' dir='ltr'>politicam</span> <span class='ocrx_word' id='word_1_65' title='bbox 1167 1559 1204 1620; x_wconf 92' lang='lat' dir='ltr'>in</span> <span class='ocrx_word' id='word_1_66' title='bbox 1229 1577 1296 1622; x_wconf 87' lang='lat' dir='ltr'>car-</span> 
     </span>
     <span class='ocr_line' id='line_1_10' title="bbox 178 1669 1294 1754; baseline 0.004 -23"><span class='ocrx_word' id='word_1_67' title='bbox 178 1671 264 1733; x_wconf 91' lang='lat' dir='ltr'>mine</span> <span class='ocrx_word' id='word_1_68' title='bbox 297 1674 424 1753; x_wconf 73' lang='lat' dir='ltr'>spectat</span> <span class='ocrx_word' id='word_1_69' title='bbox 457 1669 505 1731; x_wconf 92' lang='lat' dir='ltr'>illi</span> <span class='ocrx_word' id='word_1_70' title='bbox 534 1688 599 1733; x_wconf 92' lang='lat' dir='ltr'>non</span> <span class='ocrx_word' id='word_1_71' title='bbox 627 1673 731 1753; x_wconf 87' lang='lat' dir='ltr'>potest</span> <span class='ocrx_word' id='word_1_72' title='bbox 761 1688 826 1732; x_wconf 91' lang='lat' dir='ltr'>non</span> <span class='ocrx_word' id='word_1_73' title='bbox 853 1670 1015 1754; x_wconf 82' lang='lat' dir='ltr'>egregium</span> <span class='ocrx_word' id='word_1_74' title='bbox 1038 1669 1148 1734; x_wconf 87' lang='lat' dir='ltr'>videri.</span> <span class='ocrx_word' id='word_1_75' title='bbox 1170 1670 1294 1735; x_wconf 88' lang='lat' dir='ltr'>Ansam</span> 
     </span>
     <span class='ocr_line' id='line_1_11' title="bbox 177 1780 1296 1869; baseline 0.003 -24"><span class='ocrx_word' id='word_1_76' title='bbox 177 1783 265 1847; x_wconf 91' lang='lat' dir='ltr'>illius</span> <span class='ocrx_word' id='word_1_77' title='bbox 287 1782 423 1847; x_wconf 87' lang='lat' dir='ltr'>faciendi</span> <span class='ocrx_word' id='word_1_78' title='bbox 445 1780 507 1846; x_wconf 91' lang='lat' dir='ltr'>sibi</span> <span class='ocrx_word' id='word_1_79' title='bbox 529 1783 587 1846; x_wconf 87' lang='lat' dir='ltr'>hos</span> <span class='ocrx_word' id='word_1_80' title='bbox 610 1783 734 1847; x_wconf 90' lang='lat' dir='ltr'>dedisse</span> <span class='ocrx_word' id='word_1_81' title='bbox 756 1782 952 1848; x_wconf 83' lang='lat' dir='ltr'>Tibullianos</span> <span class='ocrx_word' id='word_1_82' title='bbox 975 1802 1089 1848; x_wconf 86' lang='lat' dir='ltr'>vorsus</span> <span class='ocrx_word' id='word_1_83' title='bbox 1112 1784 1182 1868; x_wconf 89' lang='lat' dir='ltr'>ipse</span> <span class='ocrx_word' id='word_1_84' title='bbox 1203 1788 1296 1869; x_wconf 71' lang='lat' dir='ltr'>poeta</span> 
     </span>
     <span class='ocr_line' id='line_1_12' title="bbox 180 1896 596 1980; baseline -0.002 -20"><span class='ocrx_word' id='word_1_85' title='bbox 180 1896 317 1961; x_wconf 86' lang='lat' dir='ltr'>declarat</span> <span class='ocrx_word' id='word_1_86' title='bbox 341 1896 377 1980; x_wconf 79' lang='lat' dir='ltr'>(I,</span> <span class='ocrx_word' id='word_1_87' title='bbox 401 1896 430 1979; x_wconf 81' lang='lat'>5,</span> <span class='ocrx_word' id='word_1_88' title='bbox 455 1897 496 1960; x_wconf 88' lang='grc'>39</span> <span class='ocrx_word' id='word_1_89' title='bbox 521 1900 596 1980; x_wconf 87' lang='lat' dir='ltr'>sq.):</span> 
     </span>
    </p>
   </div>
   <div class='ocr_carea' id='block_1_4' title="bbox 312 2070 1221 2268">
    <p class='ocr_par' dir='ltr' id='par_1_4' title="bbox 312 2070 1221 2268">
     <span class='ocr_line' id='line_1_13' title="bbox 312 2070 1221 2155; baseline 0.003 -20"><span class='ocrx_word' id='word_1_90' title='bbox 312 2070 412 2155; x_wconf 85' lang='lat' dir='ltr'>Saepe</span> <span class='ocrx_word' id='word_1_91' title='bbox 435 2071 528 2135; x_wconf 85' lang='lat' dir='ltr'>aliam</span> <span class='ocrx_word' id='word_1_92' title='bbox 552 2072 651 2153; x_wconf 89' lang='lat' dir='ltr'>tonui,</span> <span class='ocrx_word' id='word_1_93' title='bbox 673 2071 729 2134; x_wconf 90' lang='lat' dir='ltr'>sed</span> <span class='ocrx_word' id='word_1_94' title='bbox 751 2072 815 2133; x_wconf 89' lang='lat' dir='ltr'>iam</span> <span class='ocrx_word' id='word_1_95' title='bbox 840 2090 941 2154; x_wconf 87' lang='lat' dir='ltr'>quum</span> <span class='ocrx_word' id='word_1_96' title='bbox 964 2071 1081 2153; x_wconf 85' lang='lat' dir='ltr'>gaudia</span> <span class='ocrx_word' id='word_1_97' title='bbox 1100 2072 1221 2138; x_wconf 88' lang='lat' dir='ltr'>adirem</span> 
     </span>
     <span class='ocr_line' id='line_1_14' title="bbox 354 2183 1076 2268; baseline 0 -19"><span class='ocrx_word' id='word_1_98' title='bbox 354 2185 533 2249; x_wconf 85' lang='lat' dir='ltr'>Admonuit</span> <span class='ocrx_word' id='word_1_99' title='bbox 557 2185 703 2248; x_wconf 87' lang='lat' dir='ltr'>dominae</span> <span class='ocrx_word' id='word_1_100' title='bbox 727 2185 932 2268; x_wconf 90' lang='lat' dir='ltr'>deseruitque</span> <span class='ocrx_word' id='word_1_101' title='bbox 954 2183 1076 2267; x_wconf 83' lang='lat' dir='ltr'>Venus,</span> 
     </span>
    </p>
   </div>
   <div class='ocr_carea' id='block_1_5' title="bbox 107 2368 1387 3252">
    <p class='ocr_par' dir='ltr' id='par_1_5' title="bbox 107 2368 1387 3252">
     <span class='ocr_line' id='line_1_15' title="bbox 179 2368 1387 2462; baseline -0.002 -26"><span class='ocrx_word' id='word_1_102' title='bbox 179 2373 251 2438; x_wconf 88' lang='lat' dir='ltr'>illos</span> <span class='ocrx_word' id='word_1_103' title='bbox 282 2373 366 2437; x_wconf 89' lang='lat' dir='ltr'>onim</span> <span class='ocrx_word' id='word_1_104' title='bbox 398 2373 466 2436; x_wconf 88' lang='lat' dir='ltr'>suis</span> <span class='ocrx_word' id='word_1_105' title='bbox 490 2370 636 2436; x_wconf 88' lang='lat' dir='ltr'>versibus</span> <span class='ocrx_word' id='word_1_106' title='bbox 659 2371 840 2456; x_wconf 86' lang='lat' dir='ltr'>praemittit.</span> <span class='ocrx_word' id='word_1_107' title='bbox 863 2368 922 2435; x_wconf 86' lang='lat' dir='ltr'>Est</span> <span class='ocrx_word' id='word_1_108' title='bbox 944 2375 1060 2455; x_wconf 83' lang='lat' dir='ltr'>autem,</span> <span class='ocrx_word' id='word_1_109' title='bbox 1084 2375 1121 2434; x_wconf 95' lang='lat' dir='ltr'>ut</span> <span class='ocrx_word' id='word_1_110' title='bbox 1144 2369 1296 2448; x_wconf 80' lang='lat' dir='ltr'>dicebam,</span> <span class='ocrx_word' id='word_1_111' title='bbox 1384 2456 1387 2462; x_wconf 28' lang='grc' dir='ltr'>Ι</span> 
     </span>
     <span class='ocr_line' id='line_1_16' title="bbox 181 2482 1296 2570; baseline -0.003 -19"><span class='ocrx_word' id='word_1_112' title='bbox 181 2488 342 2570; x_wconf 83' lang='lat' dir='ltr'>egregium</span> <span class='ocrx_word' id='word_1_113' title='bbox 378 2504 504 2549; x_wconf 86' lang='lat' dir='ltr'>carmen</span> <span class='ocrx_word' id='word_1_114' title='bbox 539 2485 734 2569; x_wconf 88' lang='lat' dir='ltr'>plenumque</span> <span class='ocrx_word' id='word_1_115' title='bbox 765 2484 896 2561; x_wconf 76' lang='lat' dir='ltr'>ardoris,</span> <span class='ocrx_word' id='word_1_116' title='bbox 926 2503 1001 2568; x_wconf 87' lang='lat' dir='ltr'>ergo</span> <span class='ocrx_word' id='word_1_117' title='bbox 1031 2483 1106 2547; x_wconf 89' lang='lat' dir='ltr'>licet</span> <span class='ocrx_word' id='word_1_118' title='bbox 1135 2485 1169 2546; x_wconf 93' lang='lat' dir='ltr'>in</span> <span class='ocrx_word' id='word_1_119' title='bbox 1192 2482 1296 2549; x_wconf 84' lang='lat' dir='ltr'>fronte</span> 
     </span>
     <span class='ocr_line' id='line_1_17' title="bbox 179 2595 1294 2682; baseline -0.002 -18"><span class='ocrx_word' id='word_1_120' title='bbox 179 2599 375 2664; x_wconf 78' lang='lat' dir='ltr'>Tibullianos</span> <span class='ocrx_word' id='word_1_121' title='bbox 410 2597 523 2663; x_wconf 88' lang='lat' dir='ltr'>habeat</span> <span class='ocrx_word' id='word_1_122' title='bbox 554 2616 674 2681; x_wconf 80' lang='lat' dir='ltr'>versus,</span> <span class='ocrx_word' id='word_1_123' title='bbox 705 2598 806 2662; x_wconf 91' lang='lat' dir='ltr'>multo</span> <span class='ocrx_word' id='word_1_124' title='bbox 839 2598 940 2682; x_wconf 83' lang='lat' dir='ltr'>magis</span> <span class='ocrx_word' id='word_1_125' title='bbox 972 2595 1172 2681; x_wconf 87' lang='lat' dir='ltr'>Propertium</span> <span class='ocrx_word' id='word_1_126' title='bbox 1198 2616 1294 2682; x_wconf 86' lang='lat' dir='ltr'>quam</span> 
     </span>
     <span class='ocr_line' id='line_1_18' title="bbox 180 2705 1337 2794; baseline 0 -17"><span class='ocrx_word' id='word_1_127' title='bbox 180 2712 342 2778; x_wconf 81' lang='lat' dir='ltr'>Tibullum</span> <span class='ocrx_word' id='word_1_128' title='bbox 375 2713 485 2777; x_wconf 89' lang='lat' dir='ltr'>lectori</span> <span class='ocrx_word' id='word_1_129' title='bbox 519 2713 552 2774; x_wconf 95' lang='lat' dir='ltr'>in</span> <span class='ocrx_word' id='word_1_130' title='bbox 586 2717 723 2776; x_wconf 91' lang='lat' dir='ltr'>mentem</span> <span class='ocrx_word' id='word_1_131' title='bbox 755 2716 856 2775; x_wconf 88' lang='lat' dir='ltr'>vocat.</span> <span class='ocrx_word' id='word_1_132' title='bbox 885 2709 999 2794; x_wconf 88' lang='lat' dir='ltr'>Neque</span> <span class='ocrx_word' id='word_1_133' title='bbox 1029 2713 1146 2775; x_wconf 92' lang='lat' dir='ltr'>mirum</span> <span class='ocrx_word' id='word_1_134' title='bbox 1170 2711 1203 2776; x_wconf 90' lang='lat' dir='ltr'>id</span> <span class='ocrx_word' id='word_1_135' title='bbox 1228 2718 1292 2777; x_wconf 90' lang='lat' dir='ltr'>est:</span> <span class='ocrx_word' id='word_1_136' title='bbox 1333 2705 1337 2714; x_wconf 76' lang='grc'>’</span> 
     </span>
     <span class='ocr_line' id='line_1_19' title="bbox 180 2815 1296 2912; baseline 0.001 -22"><span class='ocrx_word' id='word_1_137' title='bbox 180 2827 268 2892; x_wconf 93' lang='lat' dir='ltr'>illius</span> <span class='ocrx_word' id='word_1_138' title='bbox 302 2829 387 2891; x_wconf 90' lang='lat' dir='ltr'>enim</span> <span class='ocrx_word' id='word_1_139' title='bbox 418 2829 509 2911; x_wconf 84' lang='lat' dir='ltr'>ignes</span> <span class='ocrx_word' id='word_1_140' title='bbox 543 2824 738 2890; x_wconf 80' lang='lat' dir='ltr'>Germanum</span> <span class='ocrx_word' id='word_1_141' title='bbox 777 2829 901 2910; x_wconf 73' lang='lat' dir='ltr'>poetam</span> <span class='ocrx_word' id='word_1_142' title='bbox 935 2815 1192 2890; x_wconf 87' lang='lat' dir='ltr'>inflammarunt:</span> <span class='ocrx_word' id='word_1_143' title='bbox 1226 2826 1296 2912; x_wconf 90' lang='lat' dir='ltr'>ipse</span> 
     </span>
     <span class='ocr_line' id='line_1_20' title="bbox 181 2937 1297 3025; baseline 0.002 -21"><span class='ocrx_word' id='word_1_144' title='bbox 181 2941 241 3005; x_wconf 90' lang='lat' dir='ltr'>hoc</span> <span class='ocrx_word' id='word_1_145' title='bbox 275 2940 414 3025; x_wconf 80' lang='lat' dir='ltr'>epistola,</span> <span class='ocrx_word' id='word_1_146' title='bbox 449 2959 544 3024; x_wconf 88' lang='lat' dir='ltr'>quam</span> <span class='ocrx_word' id='word_1_147' title='bbox 576 2940 618 3002; x_wconf 89' lang='grc'>28</span> <span class='ocrx_word' id='word_1_148' title='bbox 640 2938 722 3004; x_wconf 89' lang='lat' dir='ltr'>Nov.</span> <span class='ocrx_word' id='word_1_149' title='bbox 747 2939 833 3003; x_wconf 82' lang='grc'>1798</span> <span class='ocrx_word' id='word_1_150' title='bbox 863 2939 903 3003; x_wconf 86' lang='lat' dir='ltr'>ad</span> <span class='ocrx_word' id='word_1_151' title='bbox 925 2937 1117 3004; x_wconf 86' lang='lat' dir='ltr'>Knebelinm</span> <span class='ocrx_word' id='word_1_152' title='bbox 1141 2941 1237 3025; x_wconf 82' lang='lat' dir='ltr'>misit,</span> <span class='ocrx_word' id='word_1_153' title='bbox 1260 2946 1297 3006; x_wconf 90' lang='lat' dir='ltr'>ut</span> 
     </span>
     <span class='ocr_line' id='line_1_21' title="bbox 107 3050 1294 3139; baseline 0 -21"><span class='ocrx_word' id='word_1_154' title='bbox 107 3118 109 3128; x_wconf 83' lang='grc'>,</span> <span class='ocrx_word' id='word_1_155' title='bbox 180 3074 239 3139; x_wconf 91' lang='lat' dir='ltr'>pro</span> <span class='ocrx_word' id='word_1_156' title='bbox 268 3052 424 3138; x_wconf 86' lang='lat' dir='ltr'>Propertii</span> <span class='ocrx_word' id='word_1_157' title='bbox 447 3052 643 3118; x_wconf 77' lang='lat' dir='ltr'>carminibus</span> <span class='ocrx_word' id='word_1_158' title='bbox 666 3051 706 3117; x_wconf 92' lang='lat' dir='ltr'>ab</span> <span class='ocrx_word' id='word_1_159' title='bbox 731 3052 786 3116; x_wconf 91' lang='lat' dir='ltr'>illo</span> <span class='ocrx_word' id='word_1_160' title='bbox 808 3053 843 3115; x_wconf 92' lang='lat' dir='ltr'>in</span> <span class='ocrx_word' id='word_1_161' title='bbox 868 3050 1093 3116; x_wconf 80' lang='lat' dir='ltr'>Germanicum</span> <span class='ocrx_word' id='word_1_162' title='bbox 1116 3070 1294 3119; x_wconf 90' lang='lat' dir='ltr'>sermonem</span> 
     </span>
     <span class='ocr_line' id='line_1_22' title="bbox 182 3164 1001 3252; baseline -0.002 -21"><span class='ocrx_word' id='word_1_163' title='bbox 182 3168 345 3232; x_wconf 85' lang='lat' dir='ltr'>conversis</span> <span class='ocrx_word' id='word_1_164' title='bbox 366 3168 485 3252; x_wconf 84' lang='lat' dir='ltr'>gratias</span> <span class='ocrx_word' id='word_1_165' title='bbox 508 3170 624 3251; x_wconf 85' lang='lat' dir='ltr'>ageret,</span> <span class='ocrx_word' id='word_1_166' title='bbox 646 3165 700 3237; x_wconf 54' lang='lat' dir='ltr'>his,</span> <span class='ocrx_word' id='word_1_167' title='bbox 720 3170 855 3230; x_wconf 85' lang='lat' dir='ltr'>testatur</span> <span class='ocrx_word' id='word_1_168' title='bbox 877 3164 1001 3229; x_wconf 86' lang='lat' dir='ltr'>verbis:</span> 
     </span>
    </p>
   </div>
   <div class='ocr_carea' id='block_1_6' title="bbox 271 3339 1297 3769">
    <p class='ocr_par' dir='ltr' id='par_1_6' title="bbox 271 3339 1297 3769">
     <span class='ocr_line' id='line_1_23' title="bbox 317 3339 1297 3427; baseline 0.001 -22"><span class='ocrx_word' id='word_1_169' title='bbox 317 3342 392 3425; x_wconf 88' lang='lat' dir='ltr'>„Ich</span> <span class='ocrx_word' id='word_1_170' title='bbox 415 3340 495 3406; x_wconf 86' lang='lat' dir='ltr'>habe</span> <span class='ocrx_word' id='word_1_171' title='bbox 518 3341 581 3406; x_wconf 87' lang='lat' dir='ltr'>den</span> <span class='ocrx_word' id='word_1_172' title='bbox 603 3346 749 3426; x_wconf 80' lang='lat' dir='ltr'>grbssten</span> <span class='ocrx_word' id='word_1_173' title='bbox 771 3340 860 3405; x_wconf 83' lang='lat' dir='ltr'>Theil</span> <span class='ocrx_word' id='word_1_174' title='bbox 884 3339 939 3405; x_wconf 90' lang='lat' dir='ltr'>der</span> <span class='ocrx_word' id='word_1_175' title='bbox 961 3340 1094 3425; x_wconf 73' lang='lat' dir='ltr'>Elegidn</span> <span class='ocrx_word' id='word_1_176' title='bbox 1114 3340 1297 3427; x_wconf 81' lang='lat' dir='ltr'>wiederge-</span> 
     </span>
     <span class='ocr_line' id='line_1_24' title="bbox 271 3453 1297 3539; baseline -0.001 -18"><span class='ocrx_word' id='word_1_177' title='bbox 271 3457 368 3539; x_wconf 87' lang='lat' dir='ltr'>lesen,</span> <span class='ocrx_word' id='word_1_178' title='bbox 402 3455 469 3518; x_wconf 93' lang='lat' dir='ltr'>und</span> <span class='ocrx_word' id='word_1_179' title='bbox 504 3456 549 3519; x_wconf 85' lang='lat' dir='ltr'>sie</span> <span class='ocrx_word' id='word_1_180' title='bbox 586 3454 689 3519; x_wconf 86' lang='lat' dir='ltr'>baben</span> <span class='ocrx_word' id='word_1_181' title='bbox 726 3456 797 3520; x_wconf 90' lang='lat' dir='ltr'>eino</span> <span class='ocrx_word' id='word_1_182' title='bbox 826 3453 1081 3538; x_wconf 82' lang='lat' dir='ltr'>Erechiitterung</span> <span class='ocrx_word' id='word_1_183' title='bbox 1109 3456 1144 3517; x_wconf 92' lang='lat' dir='ltr'>in</span> <span class='ocrx_word' id='word_1_184' title='bbox 1174 3455 1297 3520; x_wconf 88' lang='lat' dir='ltr'>meiner</span> 
     </span>
     <span class='ocr_line' id='line_1_25' title="bbox 271 3567 1297 3654; baseline 0 -20"><span class='ocrx_word' id='word_1_185' title='bbox 271 3569 375 3635; x_wconf 89' lang='lat' dir='ltr'>Natur</span> <span class='ocrx_word' id='word_1_186' title='bbox 397 3569 668 3654; x_wconf 79' lang='lat' dir='ltr'>hervorgebracht,</span> <span class='ocrx_word' id='word_1_187' title='bbox 691 3570 751 3633; x_wconf 87' lang='lat' dir='ltr'>wie</span> <span class='ocrx_word' id='word_1_188' title='bbox 771 3587 805 3633; x_wconf 91' lang='lat' dir='ltr'>es</span> <span class='ocrx_word' id='word_1_189' title='bbox 824 3567 943 3632; x_wconf 86' lang='lat' dir='ltr'>Werko</span> <span class='ocrx_word' id='word_1_190' title='bbox 963 3568 1065 3633; x_wconf 89' lang='lat' dir='ltr'>dieser</span> <span class='ocrx_word' id='word_1_191' title='bbox 1082 3568 1143 3632; x_wconf 85' lang='lat' dir='ltr'>Art</span> <span class='ocrx_word' id='word_1_192' title='bbox 1160 3568 1297 3634; x_wconf 85' lang='lat' dir='ltr'>zuthnn</span> 
     </span>
     <span class='ocr_line' id='line_1_26' title="bbox 272 3671 1297 3769; baseline 0 -21"><span class='ocrx_word' id='word_1_193' title='bbox 272 3684 405 3769; x_wconf 84' lang='lat' dir='ltr'>pflegon‚</span> <span class='ocrx_word' id='word_1_194' title='bbox 440 3685 510 3748; x_wconf 88' lang='lat' dir='ltr'>eine</span> <span class='ocrx_word' id='word_1_195' title='bbox 543 3682 624 3747; x_wconf 87' lang='lat' dir='ltr'>Lust</span> <span class='ocrx_word' id='word_1_196' title='bbox 653 3688 749 3748; x_wconf 88' lang='lat' dir='ltr'>etwas</span> <span class='ocrx_word' id='word_1_197' title='bbox 779 3671 972 3746; x_wconf 84' lang='lat' dir='ltr'>Aehnliohes</span> <span class='ocrx_word' id='word_1_198' title='bbox 995 3681 1297 3767; x_wconf 81' lang='lat' dir='ltr'>hervornubringon‚</span> 
     </span>
    </p>
   </div>
   <div class='ocr_carea' id='block_1_7' title="bbox 233 3796 1297 3997">
    <p class='ocr_par' dir='ltr' id='par_1_7' title="bbox 233 3796 1297 3997">
     <span class='ocr_line' id='line_1_27' title="bbox 272 3796 1297 3882; baseline 0 -20"><span class='ocrx_word' id='word_1_199' title='bbox 272 3800 339 3863; x_wconf 93' lang='lat' dir='ltr'>und</span> <span class='ocrx_word' id='word_1_200' title='bbox 374 3799 425 3863; x_wconf 92' lang='lat' dir='ltr'>die</span> <span class='ocrx_word' id='word_1_201' title='bbox 457 3799 509 3862; x_wconf 91' lang='lat' dir='ltr'>ioh</span> <span class='ocrx_word' id='word_1_202' title='bbox 539 3798 720 3863; x_wconf 90' lang='lat' dir='ltr'>vermeiden</span> <span class='ocrx_word' id='word_1_203' title='bbox 751 3802 881 3880; x_wconf 89' lang='lat' dir='ltr'>musste,</span> <span class='ocrx_word' id='word_1_204' title='bbox 912 3796 985 3860; x_wconf 87' lang='lat' dir='ltr'>weil</span> <span class='ocrx_word' id='word_1_205' title='bbox 1006 3796 1058 3860; x_wconf 87' lang='lat' dir='ltr'>ich</span> <span class='ocrx_word' id='word_1_206' title='bbox 1081 3797 1297 3882; x_wconf 83' lang='lat' dir='ltr'>gegenwtirtig</span> 
     </span>
     <span class='ocr_line' id='line_1_28' title="bbox 233 3907 957 3997; baseline -0.004 -20"><span class='ocrx_word' id='word_1_207' title='bbox 233 3940 236 3947; x_wconf 91' lang='lat'>·</span> <span class='ocrx_word' id='word_1_208' title='bbox 272 3912 395 3977; x_wconf 89' lang='lat' dir='ltr'>ireilieh</span> <span class='ocrx_word' id='word_1_209' title='bbox 417 3932 497 3997; x_wconf 85' lang='lat' dir='ltr'>ganz</span> <span class='ocrx_word' id='word_1_210' title='bbox 521 3911 638 3976; x_wconf 86' lang='lat' dir='ltr'>andero</span> <span class='ocrx_word' id='word_1_211' title='bbox 659 3908 765 3995; x_wconf 84' lang='lat' dir='ltr'>Dinge</span> <span class='ocrx_word' id='word_1_212' title='bbox 787 3907 957 3974; x_wconf 85' lang='lat' dir='ltr'>vorhabo.&#39;’</span> 
     </span>
    </p>
   </div>
   <div class='ocr_carea' id='block_1_8' title="bbox 186 4096 1228 4296">
    <p class='ocr_par' dir='ltr' id='par_1_8' title="bbox 186 4096 1228 4296">
     <span class='ocr_line' id='line_1_29' title="bbox 186 4096 1163 4182; baseline -0.005 -17"><span class='ocrx_word' id='word_1_213' title='bbox 186 4099 345 4182; x_wconf 82' lang='lat' dir='ltr'>(Schillers</span> <span class='ocrx_word' id='word_1_214' title='bbox 368 4100 435 4164; x_wconf 92' lang='lat' dir='ltr'>und</span> <span class='ocrx_word' id='word_1_215' title='bbox 459 4098 595 4164; x_wconf 81' lang='lat' dir='ltr'>Goethes</span> <span class='ocrx_word' id='word_1_216' title='bbox 618 4097 741 4178; x_wconf 88' lang='lat' dir='ltr'>Briefe;</span> <span class='ocrx_word' id='word_1_217' title='bbox 765 4096 883 4174; x_wconf 90' lang='lat' dir='ltr'>Berlin,</span> <span class='ocrx_word' id='word_1_218' title='bbox 906 4097 1001 4179; x_wconf 82' lang='lat'>1870,</span> <span class='ocrx_word' id='word_1_219' title='bbox 1024 4116 1052 4181; x_wconf 93' lang='lat' dir='ltr'>p.</span> <span class='ocrx_word' id='word_1_220' title='bbox 1078 4096 1163 4177; x_wconf 80' lang='lat'><strong>335).</strong></span> 
     </span>
     <span class='ocr_line' id='line_1_30' title="bbox 230 4210 1228 4296; baseline -0.007 -17"><span class='ocrx_word' id='word_1_221' title='bbox 230 4213 311 4279; x_wconf 88' lang='lat' dir='ltr'>Prae</span> <span class='ocrx_word' id='word_1_222' title='bbox 335 4213 470 4296; x_wconf 77' lang='lat' dir='ltr'>Cynthia</span> <span class='ocrx_word' id='word_1_223' title='bbox 493 4213 619 4278; x_wconf 86' lang='lat' dir='ltr'>divitias</span> <span class='ocrx_word' id='word_1_224' title='bbox 642 4214 817 4277; x_wconf 90' lang='lat' dir='ltr'>contemnit</span> <span class='ocrx_word' id='word_1_225' title='bbox 838 4216 930 4296; x_wconf 74' lang='lat' dir='ltr'>poeta</span> <span class='ocrx_word' id='word_1_226' title='bbox 953 4210 989 4292; x_wconf 86' lang='grc' dir='ltr'>(Ι,</span> <span class='ocrx_word' id='word_1_227' title='bbox 1014 4211 1064 4294; x_wconf 85' lang='lat'>14,</span> <span class='ocrx_word' id='word_1_228' title='bbox 1088 4211 1129 4273; x_wconf 80' lang='lat'>15</span> <span class='ocrx_word' id='word_1_229' title='bbox 1153 4211 1228 4294; x_wconf 85' lang='lat' dir='ltr'>sq.):</span> 
     </span>
    </p>
   </div>
   <div class='ocr_carea' id='block_1_9' title="bbox 0 0 1488 5130">
    <p class='ocr_par' dir='ltr' id='par_1_9' title="bbox 0 0 1488 5130">
     <span class='ocr_line' id='line_1_31' title="bbox 0 0 1488 5130; baseline 0 0"><span class='ocrx_word' id='word_1_230' title='bbox 0 0 1488 5130; x_wconf 95' lang='lat' dir='ltr'> </span> 
     </span>
    </p>
   </div>
  </div>
 </body>
</html>
