2954 5130
704 469 767 532 200

178 656 305 723 solliciti
339 656 440 721 estis?
474 655 548 721 Non
581 660 645 721 tam
681 655 791 720 multis
825 653 921 720 rebus
956 673 1037 740 opus
1071 659 1120 720 est
1151 654 1192 718 ad
1216 653 1298 720 bene

155 759 333 855 ¹beateque
365 771 548 835 vivendum.
581 768 701 846 Quidni
730 771 838 854 potius
869 769 1002 834 modicis
1033 768 1148 854 opibus
1173 768 1296 833 modice

178 883 346 949 fruimini?
382 883 459 947 Vini
493 883 662 968 paululum
698 903 792 948 curas
825 883 930 968 pellit;
966 903 984 949 e
1017 888 1126 948 nostra
1150 884 1296 967 ipsorum

178 1001 422 1085 intemperantia
452 1003 631 1064 nascuntur
663 999 763 1079 mala,
792 999 878 1063 curis
902 1003 1038 1082 augetur
1061 998 1156 1062 sortis
1179 998 1298 1081 iniqui-

177 1112 256 1178 taa.”
292 1112 330 1177 In
363 1113 435 1177 illos
468 1113 552 1178 solos
582 1111 717 1177 acerbus
747 1113 875 1196 estqui
899 1111 990 1176 malis
1015 1111 1146 1194 artibus,
1170 1112 1297 1176 scurrili

177 1226 301 1309 facetia,
320 1226 441 1291 abiecta
453 1227 634 1291 adulatione
647 1227 757 1297 eodem
771 1227 938 1311 pervenire
950 1227 1098 1291 studeant
1110 1245 1175 1310 quo
1187 1226 1294 1311 ipsum

182 1340 326 1404 doctrina
349 1339 520 1405 adduxerit
542 1340 789 1423 ingeniumque;
809 1339 857 1402 illi
877 1340 961 1403 enim
981 1358 1145 1404 neeorum
1158 1356 1297 1422 qnoque,

181 1454 239 1537 qui
273 1453 405 1518 honeste
435 1452 704 1536 amplissimorum
728 1453 870 1517 virorum
892 1451 1033 1517 favorem
1057 1452 1142 1515 nacti
1166 1451 1298 1516 honeste

182 1584 219 1630 eo
252 1570 398 1648 utuntur,
437 1565 555 1629 lamam
590 1565 823 1631 commaculent
858 1570 963 1630 metus
998 1570 1053 1630 est.
1088 1564 1170 1629 Nam
1206 1584 1298 1629 snam

182 1683 298 1744 sortem
322 1677 476 1744 Horatius
500 1683 593 1760 amat,
618 1680 646 1743 si
669 1698 732 1742 non
758 1679 915 1764 ardenter,
939 1685 1046 1744 tamen
1065 1684 1132 1743 toto
1152 1683 1297 1763 pectore:

182 1797 267 1857 amat
285 1791 438 1857 Sabinum
459 1812 565 1873 suum,
583 1790 704 1858 fontem
725 1812 789 1877 quo
808 1795 960 1876 irrigatur
979 1796 1063 1874 (nam
1077 1794 1184 1858 missis
1197 1792 1298 1859 doctis

182 1906 461 1990 disputationibus,
493 1926 630 1990 quarum
654 1926 764 1971 ansam
787 1907 872 1971 dedit
894 1926 1010 1971 nomen
1035 1906 1217 1972 Bandusiae
1239 1906 1298 1991 IH,

184 2022 235 2104 13,
258 2021 318 2085 hoc
341 2021 411 2084 dico
434 2019 614 2105 Horatium,
638 2040 738 2104 quum
759 2020 813 2085 illo
834 2022 963 2085 nomine
982 2025 1125 2086 uteretur
1137 2020 1176 2084 de
1188 2019 1299 2085 Sabini

182 2134 304 2219 praedii
337 2133 424 2200 fonte
458 2137 633 2219 cogitasse),
671 2132 828 2218 „parvos”
863 2134 937 2198 deos
966 2135 1000 2197 in
1032 2153 1170 2218 quorum
1200 2134 1299 2199 tutela

182 2248 348 2332 praedium
371 2252 427 2331 est,
449 2247 582 2330 libellos,
606 2247 724 2332 quibus
747 2247 951 2312 solitudinem
975 2247 1165 2330 consolatur,
1185 2249 1298 2312 vinum

184 2359 320 2445 salubre,
355 2360 439 2445 quod
474 2363 508 2424 in
539 2362 604 2426 illis
636 2362 778 2426 nascitur
806 2362 909 2444 terris,
940 2360 1081 2425 modicas
1112 2359 1171 2425 sed
1193 2366 1300 2426 tamen

183 2475 298 2539 hilares
333 2474 443 2558 epulas
477 2495 557 2558 quas
589 2493 662 2539 cum
693 2473 903 2539 familiaribus
932 2475 1112 2559 vicinisque
1142 2475 1298 2557 celebrat;
1376 2499 1378 2502 ·

184 2588 239 2654 sed
263 2589 310 2652 nil
332 2589 362 2654 ei
384 2589 494 2653 amicis
517 2593 566 2654 est
589 2589 702 2653 carius.
725 2587 881 2653 Homines
898 2589 996 2673 enim,
1018 2587 1210 2672 quibuscum
1225 2608 1300 2653 eum

185 2719 254 2766 sors
284 2702 461 2783 coniunxit,
483 2703 528 2765 ita
551 2701 698 2767 observat
720 2706 757 2765 ut
781 2720 890 2766 verum
915 2701 1003 2766 decet
1026 2699 1196 2781 artificem3
1219 2701 1301 2764 nihil

184 2834 258 2900 ergo
283 2815 424 2899 epistolis
446 2816 659 2900 praestantius
681 2814 761 2899 fingi
783 2820 886 2901 potest
910 2835 990 2899 quas
1014 2820 1158 2879 maturus
1180 2816 1245 2879 iam
1270 2820 1301 2880 et

186 2929 286 2993 multo
321 2947 384 2992 usu
420 2929 592 3013 multisque
624 2928 725 2993 literis
760 2929 872 2993 doctus
907 2929 1049 3013 scripsit,
1081 2929 1196 2993 vivunt
1225 2928 1300 2994 illae

185 3045 360 3128 viventque
394 3061 519 3127 semper
551 3047 582 3108 et
612 3042 796 3127 spirabunt:
828 3045 972 3107 omnium
1004 3044 1089 3108 enim
1119 3049 1299 3127 temporum

186 3164 263 3224 sunt
297 3159 505 3241 omniumque
534 3157 687 3222 locorum.
718 3157 817 3222 Tanta
840 3163 907 3222 arbe
929 3157 974 3220 ibi
998 3157 1142 3222 homines
1167 3156 1300 3241 quibus-

187 3292 261 3336 cum
296 3273 412 3353 vivere,
441 3272 546 3354 iocari,
575 3272 670 3355 genio
693 3272 860 3356 indulgere
883 3270 1003 3336 solebat
1026 3272 1242 3355 depinguntur
1265 3278 1302 3338 ut

187 3405 241 3451 eos
276 3386 383 3451 videre
417 3390 448 3450 et
482 3385 593 3450 audire
627 3386 720 3450 nobis
750 3386 923 3451 videamur.
953 3385 1168 3470 Epistolarum
1193 3392 1300 3452 antem

185 3499 399 3584 lepidissimae
433 3499 505 3563 illae
535 3504 611 3563 sunt
641 3519 723 3584 quas
744 3500 794 3582 ad
818 3499 980 3582 amiculos,
1003 3498 1219 3565 adolescentes
1241 3502 1302 3564 im-

183 3601 377 3701 peritosque,
401 3614 542 3697 scripsit:
569 3634 667 3697 quam
690 3614 812 3696 leniter,
836 3633 933 3698 quam
945 3615 1087 3679 suaviter
1098 3613 1301 3681 vehementes

184 3726 313 3791 illorum
332 3728 414 3790 ridet
433 3745 565 3810 amoma,
585 3727 666 3810 lites,
684 3727 852 3793 levitatem.
873 3726 915 3792 nt
934 3727 1066 3792 odarum
1079 3728 1159 3792 mihi
1171 3728 1301 3812 quidem

188 3842 325 3926 optimae
356 3841 504 3907 videntur
527 3840 639 3907 breves
661 3841 736 3907 illae
759 3861 842 3926 quae
864 3841 940 3906 huie
963 3842 1167 3926 epistolarum
1191 3844 1304 3926 generi

187 3957 252 4020 sint
285 3957 536 4040 cognatissimae.
569 3955 651 4020 Nam
686 3957 714 4020 si
748 3955 821 4040 quis
856 3975 907 4021 me
940 3961 1030 4040 roget
1060 3955 1146 4040 quod
1175 3955 1303 4022 Horatii

186 4089 314 4134 carmen
333 4071 411 4162 mihi
431 4070 570 4134 maxime
589 4068 749 4154 probetur,
760 4069 842 4133 illud
855 4071 968 4134 ceteris
981 4069 1129 4135 omuibus
1141 4076 1301 4155 praestare

187 4184 404 4269 respondeam,
438 4202 502 4268 quo
539 4184 577 4249 de
607 4182 683 4247 lccii
709 4184 833 4248 iocatur
854 4185 983 4269 ingenio
1006 4183 1152 4249 mutabili
1177 4184 1212 4270 (I,
1237 4187 1301 4271 29),
