2954 5130
744 523 785 586 10

157 739 160 745 ¹
207 710 419 794 Peerlkampii
451 715 487 774 ut
520 711 554 773 in
589 708 686 773 verba
719 710 822 773 iurem
847 714 971 774 tentum
995 709 1084 775 abest
1107 716 1143 775 ut
1166 712 1260 775 etiam
1283 711 1323 775 de

206 824 291 889 binis
323 823 387 889 illis
421 824 509 907 locis,
543 842 623 907 quos
654 825 688 886 in
719 824 852 887 introitu
881 829 1043 907 tamquam
1067 825 1193 909 egregia
1214 824 1321 888 Peerl-

206 938 394 1022 lrampianae
424 939 500 1002 artis
531 937 677 1021 exempla
699 936 800 1015 attuli,
823 937 960 1021 amplius
984 936 1224 1003 deliberandum
1248 956 1321 1002 cen·

208 1071 303 1117 seam.

254 1274 363 1358 „Quae
382 1295 456 1360 ergo
475 1277 537 1340 ista
555 1277 747 1360 perversitas
759 1280 807 1340 est
816 1274 853 1340 ?''
867 1280 999 1360 quaerat
1011 1277 1178 1360 quispiam.
1194 1274 1321 1358 „Pauca

206 1389 262 1453 illa
294 1387 555 1474 Peerlkampiana
588 1390 728 1472 inventa,
764 1408 846 1473 quae
876 1391 973 1455 ceteri
999 1389 1143 1474 probant¹
1175 1395 1211 1454 tu
1241 1409 1320 1455 num

207 1521 283 1568 vera
316 1508 464 1587 certaque
494 1505 558 1568 sint
589 1502 715 1568 dubitas
746 1504 840 1568 etiam
863 1508 895 1569 et
917 1508 1024 1568 tamen
1047 1503 1119 1569 illos
1141 1505 1322 1587 iniquitatis

208 1618 325 1702 arguis,
355 1622 386 1681 te
416 1618 520 1700 ipsum
545 1635 684 1700 aequum
707 1635 870 1682 censorem
893 1617 960 1682 fore
982 1615 1139 1701 profiteris
1147 1616 1184 1680 P''
1207 1616 1281 1682 Non
1304 1637 1323 1684 e

208 1749 341 1796 numero
383 1733 636 1796 coniecturarum
674 1750 758 1814 quae
791 1733 825 1793 111
858 1736 984 1795 textum
1018 1731 1211 1814 recipiantur
1245 1731 1322 1795 mihi

208 1845 352 1928 aequitas
374 1845 425 1909 vel
448 1845 602 1928 iniquitas
625 1847 660 1908 in
681 1844 809 1908 illarum
829 1850 990 1909 auctorem
1009 1863 1160 1928 apparere
1178 1845 1320 1927 videtur3

208 1957 290 2021 hanc
324 1958 408 2023 enim
444 1957 545 2022 multo
579 1959 681 2042 magis
712 1977 848 2042 agnosco
862 1963 864 1967 ’
880 1963 912 2022 et
934 1959 968 2021 in
991 1958 1186 2042 malignitate
1206 1958 1261 2022 illa
1283 1959 1323 2024 de

209 2090 275 2155 qua
309 2070 402 2135 modo
433 2069 573 2135 dicebam
605 2076 636 2136 et
665 2072 698 2134 in
729 2071 848 2135 iudicio
871 2071 958 2156 quod
981 2071 1021 2135 de
1043 2071 1194 2136 universa
1216 2071 1322 2137 Peerl-

209 2184 330 2268 kampii
352 2185 475 2248 ratione
496 2183 572 2249 feni
590 2184 678 2251 solet.
698 2184 848 2268 Plerique
867 2186 952 2250 enim
972 2184 1212 2269 ePeerllrampii
1223 2204 1322 2250 anno·

207 2297 384 2364 talionibus
414 2299 491 2363 haec
521 2298 618 2363 verba
644 2299 834 2383 protrahunt
856 2318 874 2364 e
897 2298 1015 2383 quibus
1038 2300 1264 2384 gravissimum
1286 2300 1322 2363 in

209 2431 281 2478 eum
305 2411 428 2496 fingant
451 2412 571 2476 crimen
595 2412 645 2491 (ad
665 2412 691 2495 1,
716 2412 785 2493 1611

344 2574 521 2659 „Equidem
544 2573 714 2639 Horatium
738 2593 802 2639 non
826 2593 963 2659 agnosco
982 2574 1046 2639 nisi
1064 2575 1099 2638 in
1118 2572 1182 2640 illis
1201 2574 1323 2660 ingenii

297 2690 521 2772 monumentis,
555 2707 637 2773 quae
667 2693 732 2753 tam
764 2693 837 2772 apta
860 2694 892 2754 et
914 2688 1051 2752 rotunda
1074 2692 1160 2770 suut,
1182 2691 1219 2752 ut
1242 2688 1323 2752 nihil

299 2803 425 2870 demere
447 2803 559 2888 possis,
583 2802 663 2886 quin
685 2802 872 2887 elegantiam
896 2796 1056 2866 minuas.’¹

254 2978 442 3044 Absurdum
473 2983 581 3044 autem
607 2996 677 3044 esse
699 2977 848 3042 nonnulli
872 2977 1011 3041 clamant
1033 2976 1194 3060 praeclara
1217 2977 1324 3042 omnia

210 3092 250 3159 ab
285 3089 415 3157 Horatio
446 3092 621 3177 postulare;
654 3110 750 3176 pravo
773 3090 875 3176 abripi
899 3090 1094 3174 praeiudicio
1118 3091 1175 3173 qui
1196 3090 1324 3156 credere

211 3207 291 3273 nolit
313 3211 438 3291 poetam
460 3202 622 3271 interdum
646 3224 683 3269 ea
703 3207 869 3290 scripsisse
890 3223 972 3288 quae
991 3204 1099 3288 aliquo
1112 3204 1323 3288 modorepre·

211 3321 308 3387 hendi
336 3322 475 3405 possint3
507 3338 611 3384 errare
634 3319 811 3383 humanum
834 3337 904 3383 esse
926 3323 958 3384 et
981 3336 1151 3383 commune
1173 3318 1324 3384 omnibus

212 3436 313 3521 poetis
335 3441 398 3500 tam
422 3435 531 3517 lyricis
551 3454 648 3518 quam
668 3435 773 3518 epicis.
793 3433 961 3499 Eiusmodi
981 3434 1009 3498 si
1029 3434 1102 3517 quis
1113 3432 1326 3518 Peerlkampii

211 3550 487 3634 reprehensionem
511 3548 594 3633 legat
612 3549 788 3633 imperitus,
807 3546 1058 3612 Horatianorum
1070 3548 1247 3611 carminum
1261 3547 1325 3612 duo

212 3668 336 3729 tantum
370 3681 439 3728 esse
470 3681 586 3747 genera
616 3663 738 3728 credat:
771 3663 832 3727 alia
855 3664 940 3728 enim
962 3680 1074 3727 eorum
1097 3680 1167 3727 esse
1190 3664 1325 3747 egregia,

213 3777 283 3860 alia
305 3795 406 3860 eaque
429 3795 493 3840 non
516 3796 626 3861 pauca,
649 3776 827 3855 mediocria,
850 3782 881 3842 et
903 3777 982 3841 vitia
1001 3795 1021 3839 a
1039 3779 1131 3859 poeta
1151 3793 1221 3840 esse
1240 3794 1325 3840 com-

213 3891 311 3955 missa
333 3890 415 3955 levia
438 3890 568 3974 quidem
592 3890 648 3955 sed
670 3890 835 3974 permulta
855 3888 1040 3954 Admodum
1060 3891 1146 3958 enim
1165 3887 1326 3956 credibilis

213 4022 267 4069 res
288 4009 351 4085 est3
376 4023 472 4087 quam
495 4005 524 4069 si
545 4022 611 4068 non
631 4005 760 4088 agnovit
779 4002 1028 4087 Peerllrampius‚
1041 4023 1142 4087 quum
1155 4022 1327 4087 agnoscere

214 4120 329 4202 posset,
373 4135 488 4200 „pravo
528 4115 637 4181 favore
678 4114 791 4200 lapsus
828 4115 896 4181 est''
932 4121 964 4182 et
1000 4117 1097 4199 „dum
1132 4117 1327 4201 praeiudicio

214 4231 316 4298 stabat
349 4231 463 4297 erroris
496 4229 578 4314 sui‚''
609 4230 687 4296 alios
718 4249 848 4314 quoque
877 4232 910 4294 in
935 4249 1074 4296 errorem
1097 4231 1236 4296 induxit
1260 4231 1323 4299 Sed
