2954 5130
752 509 772 570 2

448 695 528 760 Cum
551 714 608 780 per
630 694 791 760 obstantes
809 695 964 759 iuvenum
984 697 1125 759 catervas

446 809 510 873 Ibit
532 810 690 893 insignem
713 812 860 893 repetens
883 807 1082 873 Nearchum:

448 921 575 987 Grande
597 926 764 1005 certamen,
787 921 846 987 tibi
869 921 986 1007 praeda
1007 921 1097 987 cedat

535 1034 638 1100 Maior
664 1055 705 1100 an
726 1035 776 1099 illi

205 1263 263 1330 pro
283 1245 391 1329 inepto
412 1244 483 1308 illi
507 1243 604 1309 scribi
625 1244 704 1309 illa
725 1243 891 1310 iubentis?

252 1355 336 1435 Quid
367 1377 510 1442 unquam
535 1359 569 1421 in
593 1363 703 1423 nostra
727 1363 794 1423 arte
816 1363 939 1424 certum
961 1359 1108 1443 nullique
1132 1358 1323 1423 dubitationi

204 1470 383 1536 obnoxium
417 1476 502 1536 recte
537 1471 601 1535 dici
630 1470 799 1555 videbitur,
830 1473 859 1536 si
889 1470 1068 1556 ambigetur
1090 1473 1184 1537 etiam
1207 1473 1242 1535 in
1264 1471 1323 1535 hac

205 1583 239 1650 Ο.
261 1583 304 1670 II,
328 1584 347 1647 6
374 1583 504 1669 stropha

447 1769 548 1835 Tibur
569 1771 676 1855 Argeo
698 1771 837 1856 positum
862 1770 974 1835 colono

448 1883 496 1948 sit
519 1902 608 1949 meae
631 1884 722 1949 sedes
745 1885 868 1948 utinam
891 1888 1043 1967 senectae,

448 1996 496 2062 Sit
518 1997 633 2062 modus
656 1997 741 2062 lasso
764 1998 860 2062 maris
885 2003 916 2063 et
938 1999 1064 2062 viarum

537 2110 742 2195 Militiaeque.

207 2299 279 2360 utra
307 2295 400 2365 lectio
430 2297 533 2380 potior
565 2297 606 2360 sit
636 2295 792 2380 habenda,
817 2297 988 2382 vulgatane
1011 2299 1156 2369 codicum
1180 2299 1326 2367 modus

205 2428 247 2473 an
269 2407 480 2493 Peerlkampii
503 2409 675 2475 domus?
1031 2472 1037 2482 ,

250 2521 332 2589 Sunt
365 2527 471 2591 tamen
507 2522 626 2589 multae
661 2523 741 2611 aliae
776 2525 1012 2591 emendationes
1046 2523 1326 2608 Peerlkampianae

206 2635 281 2720 illis,
305 2636 391 2719 quod
414 2635 454 2703 od
476 2636 666 2720 elegantiam
690 2641 721 2703 et
744 2639 1002 2722 perspicuitatem
1026 2639 1170 2723 pertinet,
1189 2638 1246 2701 vix
1265 2639 1325 2702 im·

207 2748 307 2837 parea,
338 2769 475 2834 quarum
507 2750 558 2813 hic
589 2749 711 2834 aliquot
733 2749 846 2833 citabo,
869 2751 955 2817 unde
978 2757 1140 2835 tamquam
1165 2771 1322 2816 summam

208 2863 347 2947 aliquam
377 2863 488 2929 iudicii
519 2863 683 2929 conficiam
708 2883 805 2947 quam
828 2865 862 2927 in
886 2863 989 2931 fronte
1010 2865 1107 2931 huius
1131 2871 1324 2932 commenta·

206 2977 304 3049 tionis
327 2996 512 3066 proponam.

208 3163 439 3248 IV,15,1-4.
475 3162 625 3228 Phoebus
650 3163 808 3228 volentem
833 3163 952 3248 proelia
974 3183 1025 3229 me
1048 3163 1137 3247 loqui

474 3275 583 3341 Victus
607 3280 638 3341 et
663 3276 759 3341 urbes
783 3278 942 3361 increpuit
963 3277 1041 3361 lyra,

518 3388 567 3454 Ne
590 3409 687 3474 parva
710 3389 909 3472 Tyrrhenum
933 3409 990 3475 per
1012 3410 1133 3474 aequor

562 3502 644 3568 Vela
671 3503 776 3568 darem
801 3522 826 3569 e.
840 3525 869 3588 q.
883 3524 907 3568 s.

256 3688 358 3768 Quam
381 3695 519 3756 venusta
542 3695 590 3756 est
613 3689 823 3775 Peerlkampii
847 3692 1030 3756 coniectura
1052 3711 1108 3775 pro
1131 3692 1224 3774 lyra
1247 3694 1325 3757 scri·
1367 3715 1372 3727 ·

210 3803 314 3870 bentis
343 3805 479 3888 lyrae,
503 3825 598 3889 quom
622 3806 736 3888 ingens
758 3804 978 3889 exemplorum
1000 3804 1324 3890 locupletissimorum

211 3921 302 4004 oopia
325 3919 442 4004 quibus
466 3919 659 3983 locutionem
682 3918 800 4000 lyrae
821 3919 916 3984 vela
938 3919 1035 3984 dare
1057 3919 1214 3985 illustrat!

211 4105 373 4189 1V,7,1e.
414 4104 536 4173 (iuncto
559 4125 674 4175 manus
697 4105 806 4171 avidas
828 4104 953 4190 fugient
974 4106 1108 4189 bononie,
1134 4107 1235 4170 amico

588 4216 677 4296 Quae
701 4218 824 4288 dederis
849 4220 964 4288 animo.
