2954 5130
715 504 776 566 125

177 688 333 752 immunis
374 691 422 751 est
456 687 534 752 vitio
569 685 722 770 Cynthia:
757 709 853 755 avara
886 694 942 754 est
976 688 1187 774 Lopidissime
1220 710 1296 777 ergo

178 797 260 880 παρὰ
282 797 451 880 προσδοκίαν
475 799 514 864 de
539 818 575 864 ea
598 801 645 866 sio
666 801 790 868 iocatur
813 806 922 888 potita:
1009 877 1013 884 ‚

270 1090 273 1096 .
313 998 449 1082 Cynthia
473 1018 532 1065 neo
555 1002 702 1086 sequitur
723 1000 826 1067 fasces
848 1020 907 1067 neo
930 1005 1021 1067 curat
1046 1003 1190 1087 honores,

357 1112 489 1197 Semper
510 1118 687 1179 amatorum
711 1114 865 1200 ponderat
886 1115 942 1179 illa
965 1116 1063 1181 sinus.

222 1321 272 1389 De
294 1325 458 1389 communi
481 1325 536 1390 illo
559 1325 732 1391 mulierum
757 1324 866 1390 morbo
891 1325 1001 1391 multis
1021 1327 1215 1393 lamentatur
1225 1308 1298 1393 ver·

180 1436 271 1503 sibus
294 1436 351 1521 IV,
377 1438 427 1520 12,
449 1439 536 1503 etin
560 1440 745 1503 memoriam
769 1439 851 1504 redit
874 1441 1002 1524 pristini
1023 1441 1184 1525 temporis,
1196 1461 1297 1525 quum

179 1548 240 1614 sub
271 1550 409 1615 Saturno
436 1550 577 1616 mundus
601 1557 685 1632 erat3
710 1557 742 1617 at
765 1571 876 1618 omnes
900 1558 1011 1638 podtae
1034 1553 1135 1637 latini,
1158 1556 1214 1638 ais,
1237 1555 1299 1620 isto

178 1663 313 1729 flosculo
347 1667 488 1730 carmina
522 1685 581 1731 sua
615 1671 820 1732 exornarunt
855 1666 905 1731 Ita
938 1672 995 1751 est,
1030 1667 1086 1733 sed
1118 1669 1225 1734 nescio
1257 1688 1298 1733 an

178 1780 292 1844 ceteris
328 1777 476 1844 omnibus
507 1779 620 1845 melius
651 1779 845 1866 Propertius.
877 1779 983 1846 Habet
1013 1783 1098 1847 enim
1132 1783 1183 1848 hic
1206 1783 1297 1849 locus

179 1893 234 1975 (25
258 1895 356 1978 sut:

312 2077 403 2144 Felix
426 2085 586 2164 agrestum
611 2080 773 2164 quondam
796 2085 906 2165 pacata
928 2082 1089 2165 iuventus,

357 2191 495 2258 Divitiae
518 2213 656 2278 quorum
679 2195 792 2258 messis
815 2199 846 2259 et
868 2194 963 2259 arbor
986 2184 1095 2260 erant(

313 2306 381 2372 Illis
404 2326 523 2371 munus
546 2312 613 2372 erat
636 2308 770 2372 decussa
793 2307 936 2390 Cydonia
958 2328 1056 2392 ramo,

357 2421 398 2486 Et
421 2421 496 2487 dare
516 2422 662 2507 puniceis
683 2421 778 2506 plena
801 2423 939 2487 canistra
960 2423 1059 2507 rubis,

314 2534 345 2599 N
347 2554 409 2600 unc
432 2536 533 2600 violas
556 2537 688 2601 tondere
711 2555 819 2620 manu,
841 2556 928 2600 nunc
952 2538 1054 2602 mixta
1077 2537 1193 2604 referre

357 2647 439 2713 Lilia
462 2650 621 2734 virgineos
644 2648 751 2715 lucida
773 2669 830 2734 per
851 2649 1000 2734 calathos,

314 2761 356 2827 ut
379 2768 502 2847 portare
525 2765 595 2828 suis
618 2764 748 2828 vestitas
770 2762 939 2829 frondibus
963 2784 1043 2830 uras

356 2876 425 2940 Aut
447 2876 568 2941 variam
591 2875 719 2961 plumae
741 2877 943 2942 versicoloris
966 2897 1066 2943 arem.

314 2988 375 3054 His
399 2994 466 3054 tum
494 2988 655 3055 blanditiis
678 2989 796 3055 furtiva
817 3010 875 3075 per
897 2996 988 3055 antra
1011 2992 1135 3077 puellae

359 3101 477 3168 Oscula
499 3102 651 3168 silvicolis
674 3108 779 3189 empta
802 3103 917 3170 dedere
937 3106 1024 3189 viris,

178 3301 321 3382 ἐνέργειαν
354 3305 523 3389 quandam,
555 3324 651 3388 quam
682 3303 801 3368 frustra
824 3303 909 3389 apud
934 3306 1013 3369 alios
1037 3309 1155 3390 poetas,
1178 3309 1234 3391 qui
1259 3306 1297 3372 de

179 3437 277 3483 aureo
308 3419 436 3483 saeculo
470 3418 663 3501 cediderunt,
695 3435 847 3502 quaeras:
879 3418 925 3481 illi
949 3417 1125 3485 declamare
1149 3421 1298 3485 videntur

180 3535 212 3595 et
245 3536 409 3615 tamquam
443 3531 537 3594 inviti
571 3535 794 3595 ornamentum
825 3531 916 3615 illud,
947 3532 1033 3616 quod
1063 3534 1208 3598 omittere
1231 3553 1296 3597 non

179 3646 312 3731 possint,
334 3643 498 3740 adlribere3
522 3643 597 3708 huic
620 3662 697 3708 vera
720 3646 878 3709 moestitia
897 3651 1009 3730 sponte
1021 3647 1244 3731 cogitationem
1257 3646 1297 3711 de

181 3759 321 3824 feliciore
344 3759 435 3824 offert
457 3756 592 3824 saeculo.

227 3873 345 3940 Nullus
368 3874 433 3940 fere
457 3893 599 3958 unquam
625 3872 686 3938 fuit
708 3877 808 3958 potita,
832 3874 889 3958 qui
907 3893 971 3938 non
991 3873 1162 3939 identidem
1183 3893 1298 3939 aurum

183 3993 386 4054 execraretur
415 3993 447 4053 et
467 3987 651 4051 divitiarum
674 3988 866 4072 potentiam3
890 3985 1043 4052 Romanis
1066 3994 1172 4053 autem
1195 3989 1298 4073 potitis

183 4122 280 4186 quam
313 4100 409 4167 fuerit
436 4103 488 4175 in,
504 4100 626 4166 deliciis
654 4100 710 4165 ille
731 4099 822 4165 locus
844 4118 938 4165 nemo
961 4101 1076 4166 melius
1101 4103 1297 4166 demonstrat

183 4235 280 4304 quam
309 4213 463 4299 Tibullus,
486 4216 520 4278 in
543 4192 635 4279 cuius
658 4212 862 4298 carminibus,
885 4233 968 4299 quae
990 4235 1093 4300 pauca
1114 4219 1298 4302 supersunt,
