2954 5130
707 552 769 614 180

265 756 301 802 so
324 737 493 803 ttbnlioheu
516 736 658 802 Pbrasen
678 736 751 801 dass
774 736 830 800 der
852 734 984 800 Sohluss
1007 734 1066 800 auf
1081 737 1154 801 eine
1175 737 1296 802 theil·

264 851 390 917 vreise
433 850 739 916 nnmittelbare
779 849 981 934 Eiuwirkiug
1018 849 1078 915 auf
1108 849 1195 916 Ovid
1231 852 1299 917 hier

265 965 353 1029 nicht
374 984 477 1050 ganz
501 983 683 1030 vermessen
707 964 893 1029 ersobeinen
922 963 1050 1029 idunta

221 1125 314 1192 Ievis
337 1145 412 1212 ergo
436 1126 475 1192 de
498 1127 558 1190 hoo
581 1126 650 1190 loco
674 1125 830 1210 Zingerlei
853 1131 903 1191 est
924 1127 1073 1211 suspicio.
1096 1124 1224 1203 Quibus
1246 1127 1299 1191 illa

178 1240 298 1303 nitatur
320 1240 520 1323 argumentis
541 1239 715 1304 videamus.

221 1350 375 1416 Horatius
399 1350 508 1437 (Epod.
534 1352 585 1434 16,
610 1352 663 1435 74)
686 1352 762 1417 baeo
784 1350 894 1416 habet:

356 1515 451 1582 Mella
474 1536 552 1583 aava
575 1521 705 1582 manant
728 1535 770 1581 ex
793 1516 873 1582 ilios.

223 1677 330 1744 Ovidii
352 1698 466 1745 versus
490 1678 575 1763 (liet
597 1679 624 1765 1,
649 1681 723 1761 112)
746 1684 811 1746 est:

355 1842 518 1930 Flavaque
540 1844 579 1910 de
602 1844 698 1909 viridi
720 1843 883 1910 stillabant
904 1845 976 1911 ilioe
1002 1845 1107 1910 mella.

223 2009 320 2094 Apud
343 2008 512 2075 Horatium
535 2009 645 2096 (lipod.
672 2010 721 2094 16,
743 2011 798 2093 43)
820 2011 954 2096 legitur:

354 2170 472 2236 Reddit
494 2171 550 2237 ubi
573 2191 712 2238 oererem
734 2173 831 2238 tellus
853 2173 984 2236 inarata

225 2338 322 2425 Apud
346 2336 498 2403 Ovidium
522 2337 558 2421 (Ι,
583 2338 674 2420 109);

356 2500 435 2566 Mox
457 2502 551 2566 etiam
574 2499 684 2585 fruges
707 2500 803 2565 tellus
820 2501 943 2566 inarata
966 2498 1095 2566 ferebat.

225 2690 304 2755 Mihi
316 2709 357 2755 ne
368 2691 562 2754 levissimam
577 2689 706 2773 quidem
719 2689 933 2775 suspicionem
947 2690 1106 2754 sustinere
1118 2688 1198 2754 baeo
1206 2709 1296 2775 posse

179 2806 337 2870 videntur.
373 2801 458 2880 Quid
490 2803 577 2887 quod
608 2805 676 2886 ipse
705 2803 795 2868 loous
817 2801 874 2867 ubi
896 2803 981 2886 apud
1006 2801 1157 2867 Ovidium
1182 2823 1298 2869 aureae

181 2919 291 2984 aetatis
326 2917 437 2982 laudes
472 2917 631 3002 leguntur,
664 2917 798 3002 ipsaque
831 2935 927 2980 eausa
962 2935 1028 2999 qua
1054 2916 1093 2980 ad
1118 2916 1192 2982 illas
1218 2918 1298 2983 eele-

179 3033 316 3098 brandes
350 3031 520 3096 adducitur
554 3030 711 3095 eiusmodi
745 3035 822 3095 sunt
857 3034 893 3094 ut
927 3030 966 3094 de
1000 3028 1134 3095 Horatio
1165 3050 1298 3115 prorsus

181 3167 254 3213 eum
278 3166 343 3211 non
365 3145 521 3230 cogitasse
544 3163 697 3230 perquam
722 3145 764 3208 sit
786 3140 958 3230 probabile,
982 3163 1023 3209 ne
1041 3149 1163 3208 eertum
1185 3144 1298 3209 dicam.

180 3262 334 3328 Horatius
364 3261 449 3326 enim
480 3260 721 3344 aquerimonie
744 3258 783 3323 de
803 3258 956 3323 hodierna
978 3259 1145 3323 hominum
1170 3261 1299 3325 miseria

181 3378 313 3460 orditur,
340 3395 446 3460 'quam
481 3373 538 3438 ubi
567 3372 678 3437 multis
708 3372 874 3456 descripsit
904 3371 1052 3436 versibus
1083 3373 1161 3437 haec
1192 3373 1298 3438 addit:

184 3492 279 3575 „boni
313 3509 387 3574 ergo
418 3490 474 3573 qui
504 3487 598 3571 pauci
627 3487 691 3550 iam
716 3491 889 3571 supersunt
911 3484 969 3550 has
991 3485 1175 3570 relinquant
1199 3491 1299 3552 terras

181 3613 212 3672 et
234 3608 269 3670 in
291 3605 414 3670 insulas
436 3602 601 3667 beatorum
625 3597 840 3683 confugiant.”
864 3597 912 3662 De
936 3597 1028 3663 bonis
1052 3617 1127 3684 ergo
1140 3599 1299 3685 malisque

180 3720 365 3787 hominibus
399 3720 463 3783 iem
497 3715 648 3780 disseruit
678 3717 709 3777 et
739 3713 816 3776 vitia
841 3711 959 3796 quibus
982 3712 1128 3797 plerique
1151 3712 1300 3779 laborant

180 3835 386 3903 enumeravit
432 3830 528 3896 Nune
570 3830 630 3893 hoo
670 3827 853 3911 praesertim
897 3827 926 3891 ei
967 3826 1127 3911 agendum
1171 3833 1221 3893 est
1263 3834 1299 3893 ut

181 3952 264 4017 bona
293 3967 375 4036 quae
406 3948 475 4031 pios
505 3943 571 4009 illio
601 3945 750 4005 maneant
772 3940 805 4002 in
831 3939 915 4003 olera
939 3946 1100 4024 ponantur
1122 3941 1205 4006 luoe.
1229 3941 1297 4006 Iam

181 4072 300 4152 quanto
339 4065 373 4128 in
409 4061 467 4125 heo
499 4062 587 4142 parte
623 4050 813 4119 elaboranda
845 4051 981 4137 Virgilio
1016 4052 1149 4117 inferior
1182 4053 1298 4121 fuisset

180 4203 277 4269 supra
322 4179 469 4244 vidimus.
516 4168 677 4256 Suspioari
722 4185 796 4251 ergo
841 4166 916 4230 licet
962 4185 1035 4231 eum
1078 4168 1135 4250 qui
1166 4169 1298 4252 posthae

180 4298 264 4364 idem
300 4295 525 4381 argumentum
560 4280 742 4351 maomverit
777 4300 796 4345 a
825 4279 961 4363 Virgilio
993 4280 1098 4363 potius
1130 4301 1227 4365 quam
1259 4282 1298 4348 ab
