2954 5130
712 495 776 558 143

180 681 279 746 simul
303 682 381 747 ferri
403 701 469 747 11911
491 685 634 767 possunt
654 678 778 747 Deinde
797 700 863 747 non
881 681 974 747 199119
993 681 1087 747 oredo
1106 700 1301 767 quemquam

179 797 358 862 amicornm
392 815 525 862 suorum
559 797 606 861 sio
638 814 709 862 esse
743 795 920 861 allocutum
949 795 1169 881 Propertium:
1194 795 1302 880 „Quid
1337 786 1340 791 ’

179 909 240 975 tibi
274 929 363 976 nune
394 910 524 995 prodest
559 909 646 995 quod
675 908 854 976 Homerum
883 910 990 996 legisti
998 908 1035 974 ?’'
1068 909 1192 988 Quotus
1216 910 1301 976 enim

181 1025 320 1109 quisque
353 1023 521 1089 hominum
551 1024 649 1108 paulo
671 1024 844 1090 cultiorum
866 1022 1044 1090 Homerum
1069 1043 1151 1090 non
1173 1024 1303 1110 legerat,

180 1157 287 1224 neque
309 1139 466 1204 eiusmodi
488 1138 565 1204 Ilias
588 1143 619 1205 91
641 1137 785 1222 Odyssea
809 1143 887 1206 sunt
908 1143 946 1205 ut
964 1139 1016 1205 vel
1035 1140 1063 1205 is
1080 1140 1138 1225 qui
1149 1139 1302 1204 memoria

181 1270 235 1318 eas
269 1257 376 1318 teneat
409 1251 471 1318 sibi
505 1272 603 1338 supra
632 1253 751 1339 vulgus
783 1272 893 1338 sapere
924 1253 1079 1337 videatur,
1111 1271 1211 1338 seque
1237 1252 1302 1317 illis

180 1365 280 1431 rebus
311 1364 431 1451 quibus
463 1367 560 1432 aeteri
590 1386 702 1433 omnes
725 1371 987 1433 commoveantur
1008 1367 1098 1452 tangi
1119 1385 1186 1431 non
1208 1384 1303 1452 posse

181 1477 360 1544 arbitretur.
390 1477 494 1544 Multo
524 1484 630 1545 19111911
654 1481 763 1546 minus
784 1480 889 1566 placet
911 1479 1098 1546 Baehrensii
1120 1480 1302 1545 coniectura

184 1592 273 1675 „Aut
307 1593 385 1678 quid
416 1612 506 1658 1111119
533 1592 618 1677 Τ91”,
641 1613 679 1661 99
700 1596 787 1659 9111111
809 1598 848 1660 ut
868 1594 1004 1660 ridicule
1026 1593 1087 1660 sibi
1111 1592 1303 1680 obloquatur

180 1705 368 1792 Propertius
401 1706 508 1774 efficit.
531 1705 616 1785 Quid
638 1708 749 1774 onim?
772 1707 822 1774 Ita
844 1709 969 1775 iocatur
990 1707 1196 1795 Propertius:
1223 1707 1303 1792 „Vis

180 1823 277 1886 etiam
300 1840 414 1888 vacare
435 1822 553 1904 litaris;
578 1822 658 1907 quid
681 1841 756 1908 ergo

380 1986 516 2052 insanus
539 1985 645 2052 medio
668 1984 803 2051 flumine
826 1986 955 2071 quaeris
978 1984 1104 2071 aquas?

179 2160 229 2228 De
252 2180 360 2227 amore
390 2180 477 2252 eane,
499 2161 528 2226 si
550 2179 617 2226 11911
639 2159 776 2226 aliorum
798 2164 831 2225 at
852 2164 920 2244 tuo,
942 2159 1040 2245 digna
1062 2178 1100 2225 99
1122 2157 1301 2226 materies.''

179 2275 243 2342 Sed
272 2275 461 2362 praeoedere
492 2273 594 2358 debet
617 2278 655 2339 ut
678 2275 799 2359 opinor,
822 2273 932 2359 eliqua
954 2273 1147 2340 exercitatio.
1171 2271 1300 2338 Bonum

179 2409 255 2476 ergo
288 2389 410 2454 iactum
444 2389 472 2453 si
504 2389 569 2453 iam
598 2387 833 2453 1111991991119111
862 2387 969 2452 novit:
1001 2404 1095 2452 nemo
1126 2387 1213 2451 onim
1243 2386 1299 2451 illo

179 2503 300 2569 melius
335 2502 413 2589 quid
448 2503 491 2568 sit
524 2502 666 2567 earmina
699 2502 818 2567 erotica
850 2501 955 2567 199919
986 2500 1085 2567 docet
1109 2500 1300 2567 Praesertim

178 2617 338 2702 Propertii
357 2617 459 2682 9111199
479 2615 683 2701 prodesse
701 2616 806 2701 potuit
823 2616 860 2700 si,
874 2614 961 2701 quod
972 2614 1093 2701 fingere
1103 2616 1138 2680 in
1149 2620 1302 2701 promptu

179 2737 237 2816 est
267 2732 303 2795 in
332 2730 550 2816 philosophiae
572 2730 627 2795 ille
650 2730 757 2796 studio
780 2728 891 2796 florem
914 2731 1025 2796 aetatis
1048 2735 1300 2816 consumpserat

177 2847 309 2914 Poterat
332 2848 418 2913 enim
440 2848 677 2913 Anacreontem
699 2848 819 2913 imitari
844 2847 1006 2933 querendo

644 3009 697 3085 riv
721 3009 777 3090 μὲν
799 3007 874 3090 iaia
897 3008 992 3090 κόμαν

448 3162 490 3173 -
513 3125 602 3199 λευκὴ
625 3123 684 3207 γὰρ
708 3162 750 3173 -
774 3123 1014 3208 καταμέμφεται

492 3239 560 3322 πρὸς
583 3237 611 3304 δ’
634 3236 726 3305 ἄλλον
747 3237 815 3305 τινα
841 3238 959 3320 χάσκει.

180 3416 335 3502 Scaligeri
367 3435 443 3482 vero
478 3416 648 3481 inventum
678 3415 929 3501 pulcherrimum
962 3422 1026 3484 est:
1058 3418 1193 3484 coniecit
1215 3417 1300 3484 enim

180 3530 373 3614 Lucreti,
408 3530 495 3615 quod
522 3534 629 3595 tamon
653 3548 747 3596 nemo
771 3532 906 3616 recepit;
931 3530 1096 3616 detorruit,
1118 3537 1157 3597 ut
1180 3532 1302 3617 opinor,

181 3664 291 3711 omnes
324 3644 508 3710 latinum
541 3642 682 3710 Lucretii
712 3663 831 3710 nomen
861 3646 1063 3711 interiectum
1094 3650 1142 3712 191
1164 3645 1302 3711 Graecis.

181 3760 243 3827 Sed
277 3759 381 3827 debile
414 3759 502 3826 istud
532 3763 756 3846 argumentum
789 3765 900 3825 9911119
929 3760 1122 3845 praeclaram
1153 3759 1301 3828 emenda·

179 3877 301 3942 tionem
320 3874 455 3943 videtur.
477 3872 561 3952 Quid
573 3875 668 3960 enim,
680 3874 820 3959 91199919,
834 3874 979 3940 obstabat
991 3876 1167 3960 quominus
1180 3878 1301 3941 eeteros

180 3991 328 4074 (1199999,
362 4008 466 4055 unum
498 3988 650 4056 Latinum
681 3991 862 4056 nominaret
890 3989 1102 4075 Propertius?
1137 3988 1225 4068 Quae
1247 3990 1303 4055 lex

178 4104 330 4172 vetabat?
354 4102 446 4189 Opus
467 4104 520 4169 hio
543 4109 611 4170 erat
632 4108 725 4189 poeta
749 4105 805 4190 qui
827 4103 1028 4170 reconditum
1051 4105 1182 4191 aliquod
1207 4125 1302 4190 argu·

170 4225 325 4288 'mentum
359 4218 451 4285 (19919
484 4223 516 4287 91
549 4237 591 4286 ex
625 4220 703 4286 artis
732 4217 859 4304 legibus
889 4223 1066 4307 maemssot,
1090 4240 1186 4306 quem
1208 4219 1303 4305 pauci
