2954 5130
710 507 772 571 111

178 700 309 762 constat
332 695 442 780 Atque
463 697 498 761 in
522 714 560 760 eu
577 695 683 780 poesis
705 698 796 781 parte
814 696 868 761 cui
879 696 950 781 ipsa
961 714 1036 761 eum
1048 700 1165 762 natura
1176 696 1298 762 creavit

178 810 385 876 tabernacula
412 812 495 876 vitae
518 810 615 895 ponit
639 808 740 895 Saepe
763 809 841 876 haec
864 809 903 875 de
925 811 1028 895 poetis
1042 810 1137 876 'dicta
1160 808 1299 877 suntab

178 926 267 1007 aliis3
305 925 378 1010 quis
413 944 558 1010 unquam
592 929 660 990 tam
693 929 839 1008 venuste,
872 929 937 990 tam
968 924 1072 1010 lepide
1095 925 1178 991 dixit
1200 943 1298 1009 quam

178 1038 391 1124 Propertius?
426 1036 494 1122 „De
516 1039 596 1103 viris
620 1037 702 1103 bello
725 1037 841 1104 claris''
866 1039 910 1103 ait
935 1057 1069 1121 „canere
1090 1039 1246 1123 volebam,
1269 1044 1300 1106 et

180 1152 219 1219 de
231 1154 366 1238 egregiis
379 1153 521 1219 victoriis
534 1172 614 1238 quas
627 1152 701 1217 olim
714 1151 852 1218 Romani
863 1159 1067 1238 reportarunt
1078 1153 1146 1237 (IV,
1159 1155 1217 1238 2,5
1231 1157 1297 1240 sq.):

312 1327 484 1413 Parvaque
506 1333 571 1394 tam
595 1329 720 1413 magnis
743 1327 904 1394 admoram
927 1327 1071 1394 fontibus
1094 1348 1150 1394 ora

328 1479 330 1482 ·
358 1441 452 1507 Unde
475 1446 565 1527 pater
587 1443 698 1508 sitiens
721 1440 849 1508 Ennius
873 1446 948 1508 ante
972 1441 1061 1508 bibit.

180 1627 255 1713 lpse
285 1646 336 1693 me
361 1627 511 1695 Phoebus
534 1627 574 1694 ab
596 1630 723 1714 inceptu
746 1628 916 1695 revocabat
939 1634 971 1695 et
992 1630 1064 1695 aliis
1087 1629 1303 1715 prudentibus

182 1743 325 1809 consiliis
348 1748 380 1809 et
402 1743 480 1808 boc:

315 1919 408 1986 Alter
429 1939 538 1986 remus
561 1939 671 2005 aquas,
695 1919 775 1985 alter
797 1919 857 1984 tibi
880 1920 971 1986 radat
994 1939 1125 1987 arenas:

359 2033 461 2100 Tutus
485 2035 564 2100 eris:
590 2034 694 2100 medic
717 2035 858 2100 maxima
880 2034 975 2101 turba
999 2034 1141 2101 marist.''

226 2208 313 2296 Ergo
343 2230 362 2276 a
392 2209 451 2276 dec
475 2211 667 2295 admonitus,
690 2210 747 2276 ubi
770 2211 881 2296 paucis
904 2211 1081 2297 versiculis,
1104 2212 1211 2297 iisque
1231 2212 1304 2297 pul-

183 2324 358 2408 cherrimis,
380 2329 508 2410 egregia
530 2325 672 2410 Augusti
696 2324 735 2390 de
757 2324 921 2410 republica
944 2327 1057 2390 merita
1075 2326 1229 2410 laudavit,
1240 2327 1303 2412 ipsi

183 2439 319 2523 eiusque
341 2437 496 2504 militibus
519 2438 721 2524 ducibusque
739 2440 858 2525 optima
877 2459 1024 2524 quaeque
1043 2439 1134 2505 adiis
1146 2444 1305 2526 precatur,

184 2551 224 2618 de
259 2572 294 2618 se
323 2571 366 2619 ne
395 2553 544 2620 videatur
569 2559 634 2619 tam
657 2555 820 2640 praeclara
841 2554 924 2620 facta
947 2555 1037 2620 tenui
1060 2557 1200 2621 carmine
1223 2556 1305 2621 cele-

183 2665 277 2732 brare
298 2669 473 2734 tentavisse
495 2668 573 2734 haec
595 2668 683 2733 addit
706 2667 774 2754 (IV,
799 2669 829 2752 3,
854 2669 925 2750 22):

361 2841 414 2909 Me
437 2848 486 2910 sat
508 2845 568 2909 erit
589 2842 686 2909 Sacra
708 2843 860 2930 plaudere
883 2862 977 2930 posse
1003 2843 1075 2908 Via.

184 3027 236 3095 En
269 3034 381 3116 poetae
410 3030 635 3096 verecundiam
659 3050 724 3096 non
747 3031 930 3096 simulatum
954 3031 1010 3097 sed
1033 3051 1152 3116 veram,
1176 3051 1216 3098 en
1240 3053 1307 3097 mo·

184 3151 377 3211 numentum
411 3165 547 3230 parrum
578 3149 610 3210 et
640 3144 762 3211 humile
792 3145 848 3211 sed
872 3145 1188 3231 magnificentissima
1212 3147 1307 3213 laude

185 3261 368 3347 perennius.

229 3372 282 3438 Ab
317 3373 477 3454 eiusmodi
507 3377 599 3458 poeta
634 3372 759 3438 discant
789 3372 852 3455 alii,
882 3373 1017 3438 iuvenes
1047 3375 1241 3457 praesertim,
1266 3394 1307 3440 ne

186 3487 317 3554 aliunde
349 3492 504 3573 quaerant
526 3487 677 3552 carminis
701 3487 866 3552 materiam
889 3507 908 3551 a
930 3491 1045 3552 natura
1068 3507 1127 3552 sua
1151 3489 1306 3553 alienam:

186 3607 298 3688 pectus
332 3602 418 3667 enim
453 3605 501 3666 est
536 3600 622 3686 quod
659 3620 724 3664 nun
760 3601 865 3665 sulum
896 3601 1052 3665 disertum
1083 3600 1159 3666 facit
1189 3601 1245 3667 sed
1277 3607 1309 3668 et

187 3720 320 3802 potitam.
354 3714 517 3801 Expertus
551 3714 612 3779 boc
645 3716 736 3779 novit
766 3713 962 3800 Propertius,
993 3720 1145 3800 expertus
1169 3718 1308 3782 amicum

190 3830 432 3915 adolescentem,
464 3848 561 3915 quem
591 3828 685 3894 modo
716 3830 831 3914 sagitta
848 3831 1007 3914 percussit
1031 3828 1163 3915 (lupide,
1186 3831 1232 3896 sic
1255 3831 1309 3897 ad·

191 3944 583 4031 monet(1‚9‚15sq.):
716 3993 720 4001 .

325 4120 412 4199 Quid
434 4123 462 4188 si
485 4141 551 4187 non
574 4126 659 4187 esset
680 4121 784 4187 facilis
806 4120 865 4187 tibi
889 4122 1005 4207 copia?
1029 4142 1117 4189 nunc
1140 4129 1177 4189 tu

369 4234 509 4302 Insanus
532 4235 636 4301 medio
658 4234 793 4302 flumine
816 4236 944 4322 quaeris
967 4256 1103 4323 aquam„
