2954 5130
695 485 758 549 168

178 676 379 761 lepidiusque
401 676 553 758 scn'ptum
577 691 647 738 esse
669 674 848 738 eommunis
867 674 1034 737 hominum
1051 672 1291 739 literatorumet

180 791 257 855 olim
290 790 352 854 fuit
382 790 490 874 opinio
519 792 550 852 et
580 788 674 852 etiam
699 806 786 851 nunc
810 792 865 852 est.
891 785 951 851 Oui
973 787 1122 871 equidem
1146 786 1291 852 lubenter

179 904 370 988 adstipnlor;
407 903 462 967 sed
496 902 556 965 boc
586 921 690 966 unum
721 921 834 967 moneo
860 905 1056 984 „amantium
1079 903 1153 967 lites
1177 905 1291 967 amoris

179 1035 249 1081 esse
270 1013 589 1100 redintegrationem’'
617 1015 669 1078 bic
692 1035 710 1079 a
733 1020 825 1099 poeta
848 1016 954 1081 doceri
974 1036 1039 1080 non
1063 1036 1123 1081 suo
1147 1016 1291 1101 exemplo

180 1128 235 1194 sed
257 1129 369 1193 alieno.

223 1243 282 1327 ΠΙ,
307 1244 356 1307 12.
390 1242 523 1308 Summa
556 1247 622 1308 arte
657 1244 866 1327 compositum
900 1243 961 1307 hoc
995 1263 1124 1308 carmen
1148 1249 1206 1328 est,
1230 1264 1291 1328 quo

179 1357 323 1443 Liparaei
345 1356 445 1422 Hebri
468 1356 552 1442 apud
574 1356 741 1422 Neobulen
763 1350 892 1422 eausam
913 1358 978 1442 agit
996 1357 1160 1422 Horatius.

223 1471 282 1555 HI,
307 1472 334 1534 7.
364 1471 473 1536 Primo
495 1477 623 1555 aspectu
648 1473 724 1536 satis
748 1471 890 1555 lepidum
914 1471 974 1536 boc
996 1491 1123 1535 carmen
1149 1472 1291 1553 videtur3

180 1587 360 1650 accuratius
389 1585 629 1671 explorantibus
653 1605 729 1650 mox
755 1587 833 1650 vitia
854 1586 910 1650 illa
932 1585 1066 1650 Horatio
1090 1588 1220 1670 propria
1243 1607 1293 1671 ap·

180 1704 299 1784 parent.
333 1698 427 1781 „Noli
456 1701 574 1782 timere,
605 1699 752 1765 Asterie’'
776 1701 821 1764 ait
847 1719 906 1781 „ne
929 1700 1070 1765 absentis
1095 1699 1198 1784 Gygis
1221 1720 1292 1786 erga

180 1817 211 1879 te
241 1832 330 1878 amor
357 1814 536 1883 minuatur:
560 1833 625 1878 non
649 1815 734 1878 enim
757 1815 785 1878 is
809 1819 857 1878 est
881 1815 937 1898 qui
959 1813 1051 1878 facile
1074 1833 1109 1878 se
1133 1817 1292 1899 corrumpi

179 1927 333 2011 patiatnr3
358 1926 451 1991 crede
473 1927 560 2009 mihi,
584 1927 623 1992 de
645 1932 677 1991 te
700 1928 841 1992 una'ille
864 1929 989 2010 cogitat,
1013 1928 1085 1992 aliis
1105 1927 1292 1994 mulieribus

179 2059 290 2106 aurem
312 2058 378 2104 non
399 2039 542 2124 praebet;
567 2043 669 2124 ipsam
692 2041 781 2106 illam
804 2039 933 2116 Chloen,
955 2061 1037 2124 quae
1057 2041 1294 2107 omnibusarti-

179 2151 240 2218 bus
273 2171 347 2216 eum
381 2153 504 2217 irretire
537 2158 680 2237 conatur,
712 2154 832 2237 spernit
863 2158 1124 2238 aspernaturque.
1150 2153 1293 2231 Quinto

123 2290 126 2295 ·
178 2267 248 2350 ipsa
281 2266 388 2350 potius
418 2285 496 2331 aare
525 2285 567 2330 ne
595 2267 723 2331 levitate
746 2285 865 2350 pecces,
884 2267 995 2350 illique
1017 2267 1076 2332 fias
1099 2267 1210 2354 infida,
1233 2271 1293 2334 iam

179 2381 264 2445 enim
296 2385 437 2444 metuere
466 2381 585 2464 incipio
616 2399 656 2445 ne
686 2381 812 2446 vicinus
835 2381 978 2466 Enipeus
1001 2383 1087 2446 iusto
1111 2384 1215 2467 magis
1238 2383 1294 2448 tibi

179 2491 331 2576 placeat''
366 2492 494 2570 Parum,
524 2492 638 2578 hercle,
670 2493 830 2558 urbanum
854 2494 914 2558 boe
936 2495 1082 2579 quidem3
1108 2496 1294 2561 maledicere

179 2606 325 2670 Asteriae
347 2604 501 2670 Horatius
523 2607 658 2683 videtur,
681 2626 746 2670 non
770 2607 940 2673 admonere
963 2627 1034 2672 eam
1051 2607 1158 2673 fidelis
1178 2611 1292 2674 amoris

181 2737 276 2804 quem
299 2738 373 2805 erga
396 2739 466 2784 eam
490 2725 594 2785 servet
618 2719 732 2806 Gyges.
756 2721 889 2787 Adieeto
912 2723 998 2786 enim
1022 2723 1085 2786 isto

777 2977 779 2983 ,
795 2929 841 2995 At
863 2930 921 2996 tibi

532 3043 581 3108 Ne
602 3044 729 3109 vicinus
754 3044 898 3129 Enipeus

578 3156 656 3222 Plus
678 3157 763 3222 iusto
786 3158 907 3243 placeat
931 3178 1007 3225 cave

180 3395 279 3458 totius
313 3393 372 3457 hoc
402 3392 468 3457 fere
497 3391 534 3456 fit
565 3397 788 3477 argumentum
812 3395 979 3459 carminis:
1008 3397 1094 3478 „noli
1118 3396 1158 3462 ob
1183 3398 1293 3484 Gygen

180 3508 354 3589 lacrimare,
376 3506 519 3587 Asterie3
543 3505 708 3570 simulatas
730 3508 808 3571 istas
831 3527 901 3572 esse
920 3508 1066 3574 lacrimas
1086 3510 1184 3595 probe
1203 3513 1293 3593 novi3

181 3639 275 3705 saepe
298 3622 383 3684 enim
406 3618 573 3711 observavi
596 3625 627 3683 te
645 3619 733 3684 illius
751 3621 970 3686 immemorem
990 3641 1068 3707 esse,
1087 3623 1156 3704 πρὸς
1168 3623 1195 3689 δ’
1208 3622 1296 3689 ἄλλον

180 3731 246 3798 τινὰ
271 3730 428 3812 χάσκειν.”
451 3732 564 3816 Neque
583 3738 689 3798 tamen
709 3734 857 3800 Asterien
876 3735 1015 3801 ludibrio
1027 3737 1144 3803 habere
1154 3739 1295 3806 voluisse

180 3847 350 3912 Horatium
385 3847 487 3912 credo.
523 3844 682 3922 Quorsum
718 3849 804 3912 enim
839 3849 1051 3935 mythologica
1084 3852 1148 3917 ista
1180 3853 1295 3939 quibus

181 3961 328 4046 strophae
363 3966 476 4046 quarta
506 3962 682 4046 quintaque
706 3968 782 4027 sunt
805 3965 965 4048 repletae?
989 3964 1063 4030 Non
1085 3967 1147 4032 ista
1172 3987 1296 4034 carmen

142 4117 144 4121 «
183 4077 221 4141 de
256 4093 331 4140 vera
365 4075 473 4160 aliqua
506 4095 541 4141 re
575 4076 695 4140 decent.
730 4075 850 4142 Censeo
882 4097 956 4163 ergo
987 4080 1039 4144 hic
1063 4100 1194 4166 quoque
1217 4083 1294 4147 acci-

181 4189 266 4255 disse
299 4187 433 4254 Horatio
468 4189 553 4275 quod
584 4190 676 4254 toties
700 4192 863 4275 proprium
887 4195 1027 4269 cantanti
1051 4214 1193 4261 amorem
1215 4197 1291 4261 acci-
