2954 5130
718 485 760 547 42

177 674 261 734 terra
294 671 347 734 cui
381 671 435 736 ille
469 670 550 734 nihil
585 689 649 734 non
685 670 787 753 debet,
823 676 992 756 ceteraque
1026 673 1193 738 eiusmodi.
1227 673 1299 737 Non

176 787 284 846 tamen
308 784 469 866 stropham
492 783 626 849 Horatio
651 783 864 850 abiudicasset
887 785 1140 870 Peerlkampius,
1166 789 1195 852 si
1206 806 1301 871 repu-

178 902 277 963 tasset
312 899 377 982 qui,
413 917 514 981 quum
547 898 592 961 nil
612 899 675 962 iam
701 898 814 963 habeat
838 900 924 982 quod
949 899 1042 982 dicat,
1066 907 1172 966 umen
1196 907 1300 966 tacere

178 1013 268 1098 nolit,
290 1031 356 1076 non
380 1031 473 1097 posse
497 1032 561 1075 non
584 1013 691 1097 inepte
715 1013 811 1096 loqui.

222 1125 271 1190 De
294 1127 434 1190 carmine
456 1125 516 1208 IH,
540 1126 580 1188 21
607 1126 670 1189 iam
694 1126 837 1190 diximus
860 1127 1026 1211 quaedam.
1046 1127 1143 1192 Haud
1154 1129 1299 1214 ineptum

178 1244 226 1304 est
260 1258 366 1323 neque
400 1244 507 1303 tamen
542 1239 629 1303 vitiis
660 1244 753 1302 caret.
785 1237 869 1315 Quid
904 1239 1073 1305 dicendum
1108 1247 1192 1306 esset
1216 1242 1300 1306 haud

179 1355 255 1418 satis
279 1353 492 1418 consideravit
514 1356 615 1436 potita,
638 1372 786 1437 perverse
811 1373 885 1437 ergo
910 1354 949 1418 de
970 1356 1118 1419 convivio
1131 1375 1205 1421 cnm
1219 1356 1300 1421 Mes·

179 1467 259 1533 salla
282 1466 419 1531 Corvino
446 1466 634 1532 celebrando
656 1468 801 1552 loquens,
826 1469 1112 1553 querelarum,
1134 1471 1301 1535 insano·

179 1601 270 1646 rum
293 1600 495 1663 amorum,
513 1581 661 1645 facilis
684 1583 818 1646 somni
838 1583 1034 1647 mentionem
1053 1583 1300 1664 iniicit3vinum

180 1695 361 1778 alloquitur,
397 1694 452 1759 sed
465 1695 573 1778 quale
595 1695 677 1759 illud
700 1696 742 1759 sit
765 1714 800 1761 se
823 1698 946 1761 nescire
967 1695 1142 1781 profitetur,
1164 1698 1301 1783 ideoque

181 1809 265 1873 ultro
293 1810 328 1872 in
351 1809 560 1893 gravissimae
582 1827 658 1893 erga
682 1811 859 1891 convivam,
882 1811 1043 1875 hominem
1067 1813 1300 1895 praestantissi-

179 1943 279 2007 mum,
302 1923 513 2008 negligentiae
532 1925 670 1988 incurrit
689 1925 818 1989 crimen.
838 1923 900 1989 Sed
920 1925 1300 2009 haecceteraquehuius·

180 2039 266 2103 modi
301 2043 409 2102 tamen
441 2038 550 2122 aliquo
575 2039 669 2102 modo
692 2039 841 2103 excusari
863 2044 1007 2122 possunt.
1031 2039 1172 2104 Additur
1194 2045 1300 2105 autem

178 2152 251 2236 illis,
285 2155 384 2236 panni
413 2153 522 2236 instar,
553 2153 682 2236 stropha
714 2172 812 2236 supra
843 2173 939 2236 quam
963 2154 1026 2217 dici
1050 2158 1154 2237 potest
1176 2155 1300 2239 inepta:

179 2269 214 2331 in
237 2287 302 2351 qua
327 2264 451 2330 Liber
474 2265 671 2330 Liberum
695 2266 852 2350 producit,
876 2265 988 2331 Venus
1012 2285 1088 2330 vero
1113 2267 1298 2332 convivium
1358 2258 1361 2266 ’

179 2381 374 2466 productura
407 2380 523 2444 dicitur
557 2382 592 2445 si
623 2380 769 2444 aderit.
800 2379 1021 2461 (Bacchanalia
1051 2398 1128 2464 ergo
1151 2381 1302 2445 lasciviae

180 2494 274 2579 plena
307 2493 524 2558 celebraturus
560 2499 608 2558 est
640 2497 733 2577 podia
763 2512 836 2556 cum
860 2492 1009 2557 Messalla
1033 2491 1180 2575 Corvino,
1205 2512 1301 2578 quem

182 2607 332 2691 aequales
357 2609 539 2691 posterique
562 2609 704 2671 certatim
728 2612 891 2691 tamquam
912 2587 1063 2689 antiquae
1083 2608 1211 2671 virtutis
1232 2607 1304 2672 lau·

180 2720 285 2784 darint
319 2721 510 2803 exemplum.
545 2720 587 2786 Et
623 2722 740 2784 mirum
777 2722 811 2784 ni
847 2720 1001 2785 absens
1034 2739 1164 2804 quoque
1187 2719 1302 2786 Venus

180 2833 336 2918 producat
359 2835 563 2916 convivium).
588 2832 668 2898 Cum
692 2833 817 2899 Venere
837 2839 943 2898 autem
963 2836 1145 2918 iunguntur
1166 2832 1302 2919 Gratiae,

182 2967 274 3032 quae,
308 2967 350 3012 nc
383 2950 493 3013 versui
526 2947 687 3033 implendo
717 2950 855 3031 impares
879 2949 952 3030 sint,
976 2966 1129 3032 segnes
1152 2948 1302 3013 nodum

182 3061 350 3127 solvere
381 3059 553 3125 Gratiae
583 3062 742 3126 dicuntur.
774 3060 845 3126 Hoc
867 3081 943 3126 vero
967 3062 1107 3126 maxime
1129 3062 1303 3127 ridiculum

183 3175 270 3260 quod
292 3173 412 3239 Veneri
436 3174 619 3260 Gratiisque
641 3176 804 3240 adduntur
827 3176 984 3260 vigiles
1010 3176 1218 3240 lucernae.

225 3288 285 3366 111,
308 3290 359 3352 23.
394 3288 492 3353 Poeta
528 3290 740 3374 simplicitatis
775 3291 913 3355 rusticae
947 3292 1144 3374 nativaeque'
1173 3291 1302 3373 pietatis

182 3407 323 3468 amatore
350 3403 576 3487 dignissimum
596 3409 645 3468 est
661 3405 760 3470 huius
780 3405 930 3469 carminis
950 3409 1183 3489 argumentum.
1203 3403 1303 3470 Recte

182 3522 290 3581 tamen
324 3515 441 3581 habere
475 3517 582 3580 omnia
617 3536 699 3600 quae
733 3519 768 3581 in
802 3536 839 3582 eo
871 3517 1019 3582 dicantur
1049 3517 1206 3582 affirmare
1236 3538 1303 3583 non

183 3631 297 3695 ausim.
334 3630 430 3713 ,Piae
460 3629 589 3715 preces”
620 3633 665 3695 ait
698 3650 878 3716 „parvaque
902 3631 984 3695 dona
1007 3638 1071 3716 tua,
1095 3631 1239 3716 Phidyle,
1263 3632 1303 3698 ab

183 3744 284 3828 agello
318 3750 384 3828 tuo,
418 3744 547 3827 vitibus,
581 3763 695 3829 pecore
725 3764 820 3809 omne
843 3744 1001 3809 malcrum
1025 3751 1169 3811 avertent
1179 3765 1302 3829 genus:

183 3858 270 3924 haud
294 3860 379 3923 enim
404 3858 560 3922 donorum
585 3859 841 3942 magnitudinem
865 3859 909 3922 dii
931 3861 1109 3943 respiciunt
1128 3860 1182 3924 sed
1197 3860 1303 3926 dantis

184 3971 352 4036 mentem.”
382 3971 422 4035 In
458 3971 576 4056 quibus
611 3973 668 4035 vix
692 3972 818 4056 probari
841 3992 936 4057 posse
959 3974 1088 4038 videtur
1110 3974 1198 4038 istud
1221 3976 1303 4039 avi·

184 4085 317 4168 daque
351 4105 493 4169 porca:
529 4086 625 4151 nimis
661 4087 745 4150 enim
770 4106 921 4171 magnum
945 4088 1006 4152 hcc
1029 4088 1150 4152 donum
1175 4093 1222 4153 est
1245 4109 1303 4174 pro

182 4199 331 4284 pauperis
366 4197 488 4283 opibus.
510 4199 593 4263 Tum
619 4199 665 4264 sic
686 4199 806 4284 pergit:
833 4199 973 4282 „Bovem
998 4207 1168 4266 taurumve
1192 4204 1303 4288 magni
