2954 5130
758 479 800 542 74

230 665 349 730 afuisse
382 668 420 729 ut
449 663 603 731 Horatius
631 665 787 730 lectorum
818 665 967 730 manibus
999 669 1155 731 tereretur
1178 668 1216 730 ut
1237 665 1346 751 potius

226 778 391 864 neglectus
413 779 537 845 iaceret
560 778 656 845 Nunc
678 779 745 845 fere
764 763 958 844 conbanem
979 780 1060 844 viris
1079 779 1180 844 doctis
1199 779 1346 844 ridetur:
1441 781 1446 793 ‘

227 894 264 958 in
298 893 412 978 quavis
447 895 531 959 enirn
568 895 607 958 de
635 893 762 959 Horatii
796 894 1070 976 commentatione,
1099 895 1134 956 iu
1166 893 1283 977 quovis
1307 892 1347 957 de

228 1007 329 1072 literis
363 1006 516 1072 Romanis
546 1006 628 1072 libro
660 1008 808 1092 aequales
841 1025 1059 1092 supparesque
1081 1005 1216 1071 Horatio
1237 1011 1347 1091 pcdtas

227 1121 406 1186 innumeris
436 1121 665 1206 propemodum
696 1121 852 1186 librorum
884 1141 1017 1186 suorum
1047 1120 1126 1185 locis
1155 1120 1248 1185 illum
1273 1125 1348 1187 ante

229 1235 338 1299 oculos
361 1235 512 1300 habuisse
534 1235 679 1321 legimus.
704 1234 793 1312 Quae
817 1254 1012 1320 quamquam
1039 1236 1196 1300 sententia
1220 1255 1347 1301 asum·

230 1348 291 1411 mis
314 1349 348 1412 in
372 1353 481 1413 nostra
503 1354 569 1415 arte
591 1351 670 1414 riris
694 1348 827 1414 tirmiter
850 1348 978 1414 defendi
1001 1348 1089 1432 solet,
1108 1352 1215 1413 tamen
1233 1347 1348 1414 Meier-

230 1467 369 1526 ottoncm
393 1463 493 1528 multo
516 1463 648 1548 propius
671 1482 689 1527 a
712 1481 788 1527 vero
811 1462 931 1527 afuisse
955 1480 1069 1526 censeo
1092 1465 1189 1545 atque
1212 1461 1350 1526 declaro.

228 1575 303 1639 Iure
326 1595 400 1660 ergo
425 1596 444 1640 a
466 1595 517 1642 me
540 1577 674 1641 lectores
697 1577 861 1662 postulant
884 1582 920 1641 ut
943 1577 1027 1640 hanc
1050 1577 1235 1659 opinionem
1255 1595 1348 1662 argu·

231 1689 346 1753 mentis
369 1688 537 1771 stabiliam,
560 1689 616 1754 sed
640 1709 777 1774 magnus
800 1691 870 1755 eius
892 1691 939 1754 rei
959 1695 1009 1755 est
1027 1689 1167 1754 ambitus
1189 1694 1220 1754 et
1231 1689 1351 1774 longus

232 1802 435 1887 difficilisque
457 1802 555 1867 labor.
578 1802 616 1866 Iu
641 1810 746 1886 partes
764 1803 864 1887 igitur
882 1801 1005 1887 aliquot
1017 1804 1166 1868 materies
1178 1802 1350 1868 dividenda

230 1917 309 1981 mihi
339 1923 403 1996 est3
432 1916 471 1981 de
494 1916 630 2000 singulis
655 1916 839 2000 singulatim
864 1915 978 1998 dicam,
1000 1915 1157 1980 lectorum
1181 1917 1349 1981 commodo

231 2036 387 2115 quantum
410 2036 518 2114 potero
542 2029 716 2094 consulam.
738 2029 847 2113 Atque
868 2030 997 2093 initium
1020 2029 1134 2093 faciam
1158 2050 1177 2093 a
1199 2028 1348 2114 Virgilio,

232 2163 327 2229 quem
351 2143 539 2228 iampridem
561 2144 624 2206 viri
652 2142 734 2206 docti
759 2144 816 2227 qui
838 2143 920 2207 hanc
944 2143 1161 2226 quaestionem
1184 2143 1347 2209 illustrare

232 2259 336 2322 conati
359 2262 435 2322 sunt
457 2259 491 2321 in
515 2262 618 2341 partes
641 2261 805 2321 vocarunt.

275 2371 378 2437 Primi
417 2371 543 2437 Horatii
584 2372 720 2438 editores
762 2372 872 2438 sedulo
914 2371 1043 2457 Virgilii
1082 2373 1171 2438 locos
1204 2373 1348 2439 adduxe-

231 2490 308 2551 runt
342 2485 460 2570 quibus
489 2484 642 2550 Horatius
671 2485 827 2550 illustrari
848 2491 972 2570 posset3
997 2485 1162 2570 diligentia
1184 2488 1349 2571 superarit

231 2601 353 2685 priores
388 2618 499 2664 omnes
524 2599 708 2689 'Bentleius
739 2600 779 2664 ad
810 2601 999 2665 sententiam
1023 2619 1114 2664 suam
1139 2599 1348 2666 deversibus

233 2713 420 2779 adulterinis
450 2712 671 2778 stabiliendam
702 2713 831 2778 illorum
862 2734 880 2778 a
909 2713 1045 2798 Virgilio
1074 2706 1250 2798 praebitam
1279 2732 1350 2780 esse

233 2828 396 2892 materiem
421 2844 515 2911 saepe
537 2845 633 2892 versu
657 2827 765 2911 aliquo
789 2826 883 2892 allato
907 2827 1070 2893 contendit
1090 2826 1349 2912 Peerlkampius3

232 2945 392 3024 postremo
428 2940 586 3024 quidquid
619 2941 653 3002 in
685 2958 816 3005 censum
848 2941 958 3006 venire
979 2946 1088 3025 posset
1110 2941 1349 3008 accuratissime

233 3052 360 3137 collegit
393 3052 555 3118 Henricus
593 3051 739 3119 Diiutzer
771 3055 803 3118 in
840 3054 1037 3120 Fleckeiseui
1069 3054 1252 3120 Annalibus
1286 3054 1347 3120 vol.

232 3166 351 3252 XCIX,
372 3188 402 3252 p.
427 3169 490 3232 313
515 3187 583 3253 sqq.
608 3166 673 3244 Qui
697 3168 771 3233 licet
792 3169 953 3234 interdum
977 3170 1097 3234 nimius
1116 3168 1221 3253 fuerit,
1240 3173 1351 3234 tamen·

232 3281 402 3348 Horatium
436 3282 593 3367 permulta
621 3282 757 3369 Virgilio
787 3282 902 3349 debere
934 3284 1007 3368 quis
1036 3283 1154 3369 neget?
1179 3281 1258 3359 Quis
1280 3303 1348 3348 non

232 3397 303 3460 viro
324 3395 418 3461 docto
440 3397 497 3480 qui
518 3395 575 3461 illa
596 3397 703 3461 omnia
726 3395 787 3461 sub
809 3416 916 3463 unum
936 3395 1057 3461 dederit
1075 3401 1281 3481 conspectum
1306 3416 1349 3462 ex

233 3512 333 3575 animi
366 3511 524 3576 sententia
555 3510 674 3596 gratias
706 3510 802 3595 agat?
832 3508 880 3574 Hc
911 3513 1018 3574 autem
1041 3527 1108 3573 non
1131 3509 1271 3589 contenti
1294 3510 1350 3573 alii

233 3625 314 3690 duas
346 3625 478 3709 insuper
510 3642 562 3689 res
593 3624 815 3709 excogitarunt
844 3626 880 3688 in
912 3621 1030 3708 quibus
1054 3641 1165 3688 omnes
1187 3623 1351 3689 doctrinae

233 3738 456 3823 acuminisque
489 3739 541 3803 sui
574 3739 657 3803 vires
688 3738 886 3802 collocarent
911 3735 997 3813 Quas
1021 3756 1216 3822 quamquam
1239 3737 1352 3803 multis

232 3852 296 3916 iam
326 3848 510 3936 probarunt,
537 3850 616 3916 mihi
639 3850 720 3915 nihil
741 3870 886 3935 unquam
909 3852 1011 3936 magis
1033 3849 1220 3915 incredibile
1243 3851 1350 3915 visum

233 3970 289 4030 est.
324 3962 513 4030 Cuiusmodi
544 3967 609 4030 sint
630 3965 694 4029 iam
719 3983 885 4049 exponam.
909 3965 998 4031 Inter
1019 3963 1149 4050 Virgilii
1173 3963 1351 4049 Georgicon

232 4075 333 4141 libros
356 4095 466 4142 omnes
489 4083 521 4143 et
542 4079 677 4162 primam
700 4076 826 4143 Horatii
847 4077 942 4164 primi
960 4078 1034 4143 libri
1054 4080 1182 4143 satiram
1194 4078 1350 4143 rationem

235 4191 396 4275 quandam
420 4191 615 4258 intercedere
637 4195 791 4278 statuunt,
814 4192 911 4279 ducti,
934 4193 969 4257 ni
990 4191 1092 4275 fallor,
1109 4192 1170 4256 hcc
1188 4210 1302 4257 versu:
