2954 5130
710 514 772 578 126

184 702 232 765 tor
264 700 316 765 vel
350 704 463 785 quater
494 701 548 765 ifle
580 700 706 786 legitur.
737 701 779 785 Π,
812 703 842 785 3,
871 703 914 766 49
939 722 986 786 sq.
1016 703 1063 766 sic
1085 703 1296 769 lamentatur:

314 875 388 940 Heu
412 856 475 941 heu
499 875 654 940 divitibus
676 876 769 940 video
793 876 933 960 gaudere
955 877 1095 960 puellas:

358 989 427 1054 Iam
450 991 580 1054 veniant
601 989 745 1074 praedae,
767 991 795 1054 si
818 989 931 1064 Venus
955 995 1042 1074 optat
1064 1009 1148 1074 opes.
1262 1041 1265 1045 .

225 1163 400 1228 Venustuli
423 1163 507 1227 haud
531 1152 628 1228 dubie
650 1141 727 1227 sunt
750 1163 908 1246 versiculi,
927 1183 992 1228 non
1011 1168 1117 1229 tamen
1138 1165 1297 1230 eiusmodi

172 1282 218 1342 'ut
239 1278 380 1362 graviter
409 1278 449 1342 iis
473 1281 716 1342 commoveatur,
733 1278 840 1341 lector.
864 1276 1018 1342 Eiusdem
1041 1279 1103 1342 iam
1128 1280 1296 1344 attulimus

180 1411 294 1458 versus
316 1391 359 1476 H,
382 1395 412 1475 4,
436 1392 478 1455 19
501 1411 565 1476 sq:

313 1553 365 1617 Ad
385 1553 546 1617 dominam
568 1552 677 1617 faciles
700 1552 806 1618 aditus
830 1572 886 1636 per
910 1555 1050 1618 carmina
1073 1573 1212 1638 quaero:

357 1666 407 1731 Ite
428 1667 551 1752 procul,
574 1665 695 1750 Musae,
719 1668 747 1730 si
769 1667 850 1730 nihil
872 1669 934 1732 ista
958 1669 1071 1732 valent

225 1839 387 1925 Cognosce
409 1860 498 1904 nunc
521 1859 602 1924 quae
630 1844 829 1924 sequuntur:

311 2003 351 2085 A,
375 2003 452 2067 mihi
475 2021 531 2086 per
555 2001 681 2066 caedem
707 2006 738 2066 et
758 2000 885 2066 facinus
909 2007 986 2067 sunt
1010 2003 1092 2068 dona
1114 2005 1262 2089 paranda,

355 2115 404 2181 Ne
426 2119 546 2180 iaceam
570 2115 711 2180 clausam
734 2114 849 2180 flebilis
873 2121 948 2181 ante
972 2117 1118 2191 domurn:

311 2231 381 2295 Aut
402 2232 522 2314 rapiam
546 2249 701 2314 suspensa
725 2232 823 2294 sacris
846 2231 986 2316 insignia
1008 2231 1107 2296 fanis:

356 2345 417 2410 Sed
440 2344 553 2411 Venus
576 2350 649 2410 ante
671 2346 750 2412 alios
775 2352 824 2412 est
845 2346 994 2411 violanda
1018 2348 1103 2411 mihi.

309 2460 383 2544 Ipsa
406 2461 528 2524 malurn
549 2459 674 2525 facinus
698 2461 811 2526 suadet
833 2461 1059 2546 dominamque
1081 2480 1226 2546 rapacem

354 2572 418 2638 Dat
440 2575 538 2638 mihi:
560 2575 729 2659 sacrilegas
752 2577 868 2640 sentiat
889 2575 944 2640 illa
970 2596 1094 2640 manus.

312 2687 338 2752 Ο
362 2694 478 2772 pereat,
500 2691 686 2774 quicunque
708 2689 786 2774 legit
808 2690 991 2774 viridesque
1013 2691 1198 2775 smaragdos

355 2801 397 2866 Et
420 2803 545 2867 niveam
567 2801 663 2884 Tyrio
688 2803 808 2867 murice
830 2803 925 2887 tingit
950 2821 1050 2867 ovem.

311 2914 397 2980 Hinc
421 2916 474 2980 dat
496 2917 647 2981 avaritiae
669 2936 782 2981 causas
805 2921 837 2982 et
859 2915 923 2981 Ooa
945 2916 1061 3001 puellis

355 3029 463 3096 Vestis
486 3036 518 3095 et
540 3050 557 3095 e
580 3030 677 3095 rubro
700 3031 808 3095 luoida
831 3032 951 3095 concha
973 3032 1061 3096 mari.

309 3143 398 3208 Haeo
420 3143 522 3208 fecere
544 3145 659 3209 malas:
685 3144 759 3208 hinc
781 3144 896 3209 clavim
918 3146 1016 3209 ianua
1039 3145 1140 3209 sensit

353 3257 395 3322 Et
419 3258 522 3342 coepit
543 3263 652 3324 custos
676 3258 797 3323 liminis
820 3277 889 3323 esse
912 3258 1008 3323 canis.

178 3405 180 3408 >
312 3370 373 3435 Sed
396 3371 533 3455 pretium
557 3371 585 3435 si
607 3371 727 3456 grande
749 3371 841 3450 feras,
863 3371 1007 3437 custodia
1029 3372 1153 3455 victast,

354 3485 422 3552 Neo
444 3486 616 3571 prohibent
637 3486 752 3570 claves,
776 3491 807 3551 et
830 3488 919 3551 oanis
941 3487 1010 3570 ipse
1032 3489 1123 3550 tacet.

170 3656 172 3664 ’
222 3661 349 3727 locatur
374 3667 465 3747 poeta
481 3666 520 3726 'et
542 3661 737 3746 lepidissime
758 3662 899 3742 iocatum
922 3665 1119 3726 nontamen
1142 3661 1212 3727 eius
1235 3661 1292 3746 qui

177 3797 287 3843 revera
318 3778 421 3843 doleat
451 3795 520 3842 esse
544 3777 657 3861 opinor
680 3775 786 3840 dolore
809 3794 868 3840 suo
892 3781 1054 3860 tamquam
1076 3775 1203 3840 ridendi
1226 3795 1291 3840 ma-

177 3893 256 3957 teria
279 3892 334 3957 uti.

138 4092 143 4100 ‚
220 4004 280 4070 ille
314 4007 420 4069 autem
452 4023 548 4089 quem
578 4001 779 4087 Lygdamum
809 4021 878 4068 esse
908 4004 1000 4067 aiunt
1029 4003 1091 4066 viri
1121 4002 1206 4067 docti
1229 4002 1289 4069 sub

177 4118 293 4183 Tibulli
326 4137 461 4203 persona
492 4117 641 4182 latentem
672 4117 711 4181 de
742 4116 853 4181 eodem
884 4121 1073 4202 argumento
1095 4117 1173 4182 haec
1196 4117 1291 4183 habet

178 4231 253 4316 (lib.
276 4232 336 4319 HI,
362 4233 391 4316 l,
414 4232 432 4295 l
456 4233 531 4316 sq.):
