2954 5130
604 513 749 613 ⁴³¹

176 705 286 769 sertim
318 704 346 768 si
368 702 511 768 laetus
534 699 641 781 adest3
664 701 694 767 si
717 719 793 766 vero
817 700 890 765 diu
913 699 1051 766 laetus
1073 700 1157 766 inter
1178 697 1294 765 Roma-

178 837 237 882 nos
260 821 413 901 moratur,
437 815 630 880 documento
644 818 703 880 ‘est
723 815 793 898 ipse
816 815 944 879 veniam
966 813 1031 878 illis
1053 814 1196 898 priorum
1219 813 1295 878 faci-

178 950 294 995 norum
327 930 430 994 datam
459 947 528 994 esse
551 933 583 992 et
606 928 641 991 in
665 933 826 1012 posterum
852 928 970 1012 optima
993 945 1140 1012 quaeque
1163 947 1217 993 eos
1241 947 1297 993 ex·

177 1049 319 1129 spectare
341 1061 442 1128 posse.
466 1039 563 1106 Haud
588 1041 670 1106 male
693 1045 801 1106 tamen
825 1047 858 1106 et
881 1041 958 1106 haec
980 1046 1163 1126 sequuntur

531 1254 583 1317 hio
606 1272 741 1341 magnos
766 1254 876 1338 potius
898 1253 1088 1342 triumphos,

399 1366 463 1433 Hic
486 1387 573 1433 ames
596 1367 659 1432 dici
681 1373 772 1452 pater
795 1372 891 1453 atque
914 1370 1069 1457 princeps.

223 1579 308 1663 Apta
340 1578 427 1644 euim
458 1582 490 1644 et
509 1577 647 1663 eleganti
668 1576 824 1644 brevitate
847 1598 866 1643 a
889 1578 949 1643 deo
973 1583 1122 1664 precatur
1145 1576 1299 1644 Horatius

180 1699 217 1760 ut
247 1693 333 1779 apud
364 1698 490 1759 exteros
514 1691 664 1778 praebeat
687 1693 804 1778 populo
828 1691 972 1759 Romano
994 1693 1139 1778 gloriam,
1162 1695 1196 1757 in
1219 1690 1300 1758 urbe

180 1807 250 1893 ipsa
273 1808 412 1892 quietem
436 1811 564 1872 trreatur
587 1812 619 1871 et
640 1807 851 1872 securitatem.
876 1805 947 1871 Hoc
971 1824 1101 1892 quoque
1122 1789 1301 1890 ferendum,

180 1921 342 2007 peculiare
375 1919 505 2005 aliquod
540 1918 661 1984 bouum
697 1919 781 2004 addi,
816 1919 902 2004 quod
937 1938 1012 2005 prae
1046 1921 1159 1987 ceteris
1189 1918 1252 1985 sibi
1281 1938 1300 1983 a

180 2032 249 2101 Deo
282 2039 373 2119 patre
403 2038 436 2099 et
468 2034 612 2119 principe
641 2034 795 2118 praestari
826 2034 957 2118 cupiant
978 2033 1124 2103 Romani.
1147 2032 1301 2118 Sequitur
1402 2095 1405 2101 .

180 2152 288 2214 autem

399 2309 472 2375 Neu
495 2311 582 2375 sinas
606 2306 717 2374 Medos
741 2311 885 2394 equitare
907 2308 1038 2393 inultos,

488 2422 531 2490 Te
554 2424 645 2508 duce,
668 2421 791 2489 (laesor.

226 2622 319 2701 Quod
349 2615 547 2708 ineptissime
579 2622 700 2688 dietum
726 2627 781 2687 est
804 2621 854 2687 Ne
879 2622 917 2687 de
942 2622 1107 2688 vocabulis
1134 2628 1173 2690 te
1196 2622 1301 2688 duce

182 2741 230 2804 sic
252 2739 364 2823 positis
386 2738 509 2822 loquar,
531 2744 567 2801 ut
586 2737 721 2801 ridicula
739 2737 874 2802 exsistat
892 2736 1091 2821 ambiguitas,
1112 2738 1190 2823 quid
1203 2737 1301 2804 verbo

183 2854 378 2938 equitare
400 2849 580 2916 faciamus?
603 2850 737 2915 Turmas
761 2852 909 2934 equitum
931 2848 1099 2917 Medorum
1124 2851 1188 2918 late
1208 2859 1301 2918 extra

182 2965 264 3032 fines
296 2985 373 3031 suos
404 2966 513 3050 vagari
543 2972 575 3030 et
608 2964 730 3030 inultos
764 2965 933 3049 imperium
966 2963 1149 3031 Romanum
1175 2949 1301 3033 vastare

184 3080 331 3146 dedecori
360 3085 409 3146 est
438 3079 562 3143 nomini
584 3078 731 3143 Romano
754 3083 785 3142 et
809 3079 1000 3162 quantocius
1023 3079 1071 3143 illi
1094 3078 1301 3147 barbarorum
1414 3140 1434 3168 a.

182 3195 371 3259 insolentiae
402 3193 476 3258 finis
507 3198 556 3258 est
587 3193 763 3278 ponendus.
794 3190 865 3257 Hoc
893 3212 1023 3278 quoque
1045 3192 1200 3260 Romanis
1221 3196 1302 3279 pris·

184 3310 271 3374 tinae
303 3309 432 3373 virtutis
467 3306 663 3371 memoribus
699 3308 756 3370 vix
787 3313 835 3371 est
857 3287 1024 3371 ferendum
1049 3308 1135 3392 quod
1157 3308 1301 3374 nondum

185 3421 288 3486 deleta
320 3426 369 3486 est
399 3419 588 3485 Crassianae
618 3420 718 3485 cladis
749 3419 881 3484 iufamia
911 3420 1064 3504 quodque
1085 3422 1217 3506 impune
1239 3421 1304 3486 Ro·

183 3555 295 3601 manos
337 3556 356 3600 a
396 3554 430 3600 se
464 3537 567 3599 victos
600 3533 747 3599 derident
782 3533 892 3599 Parthi
927 3553 1102 3619 eorumque
1137 3537 1239 3621 signis
1272 3541 1304 3602 et

184 3649 301 3735 aquilis
334 3649 522 3734 gloriantur.
564 3646 626 3712 Sed
662 3648 718 3732 qui
753 3645 864 3713 Medos
898 3649 1093 3732 equitare
1127 3648 1241 3733 doleat,
1273 3651 1303 3716 is
1351 3724 1355 3730 ⁸

185 3764 280 3829 etiam
304 3763 490 3848 indignetur
512 3762 599 3847 quod
622 3780 699 3827 aves
723 3762 857 3827 volitent
879 3763 1046 3847 piscesque
1065 3769 1183 3831 natent
1196 3763 1303 3831 Pauca

185 3878 279 3943 etiam
325 3876 402 3941 alibi
445 3876 486 3941 de
530 3875 590 3940 hac
634 3875 765 3960 stropha
808 3879 903 3941 eruut
932 3875 1081 3954 diceuda3
1113 3877 1170 3944 sed
1203 3878 1303 3944 inter-

185 3991 263 4056 dum
287 3995 423 4055 metrum
455 3988 624 4071 obstitisse,
648 3989 822 4072 quominus
845 3988 879 4052 id
902 3988 987 4072 quod
1011 3989 1074 4055 sibi
1096 3996 1304 4076 proposuerat

185 4110 258 4190 apte
292 4105 473 4188 disertoque
507 4104 687 4168 enuntiaret
709 4107 809 4187 poeta,
833 4103 997 4168 luculento
1022 4122 1082 4168 nos
1104 4105 1169 4171 iam
1194 4105 1302 4171 docuit

187 4217 343 4303 exemplo.
1141 4252 1144 4257 >
