2954 5130
712 522 754 586 26

176 712 220 796 11,
244 713 272 778 7.
483 709 648 776 Oblivioso
672 710 757 776 levia
779 709 916 777 Massico

418 892 423 904 ,
488 823 615 890 ciboria
636 825 739 910 exple.

221 1011 333 1078 Multis
367 1010 553 1076 nominibus
583 978 696 1076 vinum
727 1011 851 1076 laudari
872 1015 992 1096 potest:
1015 1011 1170 1096 gaudium
1195 1010 1296 1096 affert,

47 1221 48 1224 Ἴ
177 1146 403 1194 aerumnarum
428 1124 630 1209 oblivionem,
654 1145 801 1190 somnum
826 1127 921 1190 etiam
946 1126 974 1190 si
996 1116 1037 1190 eo
1056 1144 1137 1210 opus
1157 1131 1212 1189 est
1232 1124 1295 1190 Sed
1399 1166 1402 1171 ·

177 1258 242 1304 non
276 1240 380 1324 potuit
410 1239 497 1304 aliud
528 1239 689 1323 epitheton
720 1239 900 1323 excogitare
930 1237 1085 1304 Horatius
1109 1239 1195 1322 quod
1219 1238 1296 1302 huic

177 1353 311 1419 carmini
334 1353 442 1418 minua
466 1357 575 1437 aptum
598 1357 682 1418 esset
702 1371 799 1436 quam
818 1351 900 1416 illud
918 1351 1186 1416 obliviosum.
1204 1351 1295 1415 Ami·

143 1450 144 1453 ¹
177 1487 252 1533 cum
285 1468 372 1533 enim
402 1472 475 1552 post
505 1467 632 1552 longam
657 1465 834 1532 absentiam
857 1467 891 1531 in
916 1459 1050 1550 patriam
1074 1465 1223 1529 reducem
1248 1464 1295 1529 sic

176 1579 242 1647 fere
264 1581 455 1664 alloquitur:
479 1578 602 1663 „Quam
626 1598 719 1664 saepe
742 1598 806 1644 una
829 1578 971 1644 hilariter
991 1579 1138 1643 convivia
1157 1577 1295 1642 celebra·

43 1770 47 1778 ,
177 1696 294 1776 rimus,
318 1699 396 1779 quot
418 1702 449 1760 et
473 1699 593 1779 quanta
615 1693 758 1778 pericula
779 1693 877 1758 simul
898 1693 1054 1758 adiimus!
1074 1692 1145 1777 Age
1163 1691 1235 1756 Iovi
1254 1690 1294 1756 ob

179 1806 316 1873 reditum
349 1813 443 1872 tuum
476 1826 543 1872 rem
580 1808 721 1871 divinam
751 1805 916 1888 faciamus,
945 1806 1036 1871 laetis
1064 1807 1148 1870 inter
1178 1805 1296 1890 pocula

180 1921 382 1987 sermonibus
418 1921 501 1986 diem
531 1921 754 2005 transigamus.
786 1918 869 1996 Quid
894 1920 980 1984 enim
1002 1919 1178 1984 iucundius
1202 1917 1296 1984 nobis

179 2054 249 2101 esse
272 2040 375 2120 potest
396 2055 492 2120 quam
513 2037 560 2100 sic
579 2037 764 2099 memorium
783 2052 936 2099 renovare
955 2034 1132 2099 dulcissimi
1144 2034 1296 2117 temporis
1354 2041 1356 2045 ’

180 2168 244 2233 quo
271 2168 396 2234 semper
419 2168 485 2213 una
508 2146 680 2213 eramus?”
705 2147 799 2212 Absit
821 2167 897 2232 ergo
921 2147 1079 2232 quidquid
1103 2145 1294 2212 obliviosum

177 2263 300 2329 astrol
323 2263 495 2328 obliviosos
518 2262 629 2327 reddit.
1234 2321 1237 2327 .

223 2356 338 2462 111‚'8.
360 2375 576 2443 Maecenatem
599 2378 704 2441 virum
726 2376 900 2459 sapientem
919 2380 951 2441 et
970 2373 1111 2440 sobrium
1133 2375 1173 2439 ad
1186 2375 1297 2459 epulas

178 2491 294 2556 invitat
316 2491 469 2555 modici
493 2492 560 2555 vini
583 2491 733 2556 assiduus
752 2491 898 2555 laudator
918 2488 1080 2555 Horatius.
1105 2487 1208 2566 Quam
1221 2508 1296 2575 ergo

180 2605 232 2670 sui
266 2605 318 2669 hic
350 2606 518 2669 immemor
538 2612 598 2670 ,est
634 2606 690 2689 qui
725 2605 883 2670 eiusmodi
914 2605 1069 2689 hospitem
1101 2609 1229 2669 moneat
1260 2610 1298 2670 nt

180 2722 348 2783 centum
380 2718 512 2800 cyathos
542 2723 657 2783 sumat.
682 2716 784 2794 Quam
809 2738 923 2803 parum
947 2718 1107 2783 urbanum
1132 2719 1237 2782 estin
1260 2737 1298 2785 ea

180 2831 370 2897 inritatione
403 2831 550 2897 clamoris
584 2836 615 2897 ot
644 2832 711 2896 irae
741 2833 935 2896 mundonem
967 2831 1079 2914 facero,
1102 2852 1203 2917 quum
1229 2833 1298 2918 ipse

182 2944 245 3010 alio
268 2945 338 3010 loco
363 2945 500 3010 dixeris:

446 3129 538 3196 Natis
560 3133 595 3195 in
619 3150 714 3197 usum
739 3131 876 3197 laetitiae
902 3130 1032 3216 scyphis

448 3243 597 3329 Pugnare
618 3242 816 3311 Thracumst.

226 3445 289 3512 Sed
321 3464 387 3510 non
422 3447 499 3511 satis
530 3464 645 3511 causae
676 3451 726 3512 est
756 3466 815 3511 cur
845 3466 920 3512 cum
953 3445 1171 3530 Peerlkampio
1197 3450 1299 3511 totum

183 3578 312 3624 carmen
341 3559 474 3624 Horatio
505 3559 732 3625 abiudicemus.
764 3560 1007 3626 Eiusdemmodi
1029 3562 1115 3625 enim
1138 3560 1300 3646 negligen-

183 3672 246 3737 tiae
269 3676 301 3737 et
322 3671 410 3737 aliud
432 3673 518 3757 apud
541 3671 710 3738 Horatium
736 3678 841 3738 exstat
864 3673 1048 3757 exemplum
1067 3672 1126 3756 HI,
1146 3673 1197 3736 21.
1218 3672 1299 3738 Cum

184 3783 333 3850 Messalla
372 3784 510 3850 corvino
552 3786 740 3870 epulaturus
774 3791 866 3871 poeta
903 3785 1056 3869 „testam”
1091 3787 1167 3869 vini,
1201 3806 1299 3870 quam

182 3897 377 3964 reconditam
400 3903 494 3964 antea
514 3899 555 3963 ad
577 3899 659 3964 hanc
679 3900 876 3965 occasionem
895 3899 1304 3985 protraxeratalloquit'ur,

183 4011 288 4098 lepide
311 4012 440 4096 quidem
464 4012 520 4078 sed
542 4013 588 4078 ita
610 4017 647 4078 ut
668 4013 831 4078 interdum
851 4032 886 4079 se
903 4014 1010 4099 ipsum
1028 4013 1158 4098 prodat:
1170 4019 1301 4098 apparet

184 4127 271 4192 enim
300 4116 443 4192 numeria
474 4129 576 4212 magis
600 4125 730 4192 affixam
752 4126 868 4193 habere
890 4133 1031 4193 mentem
1053 4131 1177 4212 poetam
1202 4148 1301 4212 qucm

184 4239 335 4306 carminis
370 4243 567 4325 argumento.
598 4240 651 4304 An
682 4239 843 4306 nesciebat
871 4239 1027 4306 Horatius
1057 4242 1170 4305 vinum
1194 4260 1214 4307 e
1235 4262 1301 4327 quc
