2954 5130
675 521 716 586 tr

136 719 201 779 tam
234 712 388 777 hodierno
419 710 589 795 colligendi
612 706 887 794 conquirendique
910 707 1017 772 studio
1040 708 1186 776 addictus
1209 714 1258 777 est

137 833 174 892 ut
205 844 247 891 ex
277 825 377 890 animi
408 825 567 889 sententia
591 822 749 889 declarare
772 821 872 905 possit
895 819 956 884 sibi
979 821 1106 886 satiram
1129 822 1258 888 Horati-

135 960 230 1005 anam
258 939 378 1024 legenti
408 936 536 1023 Virgilii
569 935 723 1019 Georgica
746 935 780 998 in
805 937 943 999 mentem
972 935 1103 999 venire?
1127 935 1257 1002 Novum

135 1053 276 1139 profecto
306 1050 393 1117 istud
424 1049 572 1131 παρῳδίαις
593 1068 707 1142 genus,
732 1067 828 1133 quam
854 1065 895 1112 ne
916 1046 971 1112 ille
993 1048 1122 1131 quidem
1142 1069 1258 1135 agnos-

137 1187 207 1234 cere
229 1168 331 1253 possit
359 1168 414 1253 qui
437 1167 471 1230 rt
494 1161 712 1247 παρῳδούμενον
737 1163 889 1229 memoria
912 1165 1034 1228 teneat!
1060 1160 1145 1241 Quid
1169 1167 1256 1250 quod

137 1281 178 1346 ad
209 1278 395 1344 incredibile
424 1278 513 1344 istud
544 1277 745 1362 probandum
770 1281 932 1361 praeterea
958 1296 1038 1362 opus
1063 1283 1111 1344 ost
1133 1281 1259 1345 coniec-

137 1400 210 1459 tura
240 1412 342 1478 aequo
372 1391 559 1458 incredibili.
590 1390 801 1456 statuendum
834 1390 919 1455 enim
951 1394 1001 1455 est
1024 1410 1089 1456 non
1112 1411 1257 1458 seorsum

138 1505 194 1571 sed
217 1505 314 1571 simul
337 1504 447 1570 ambos
471 1505 642 1570 satirarum
664 1502 764 1567 libros
787 1504 822 1566 in
846 1503 952 1568 lucem
975 1521 1045 1569 esse
1068 1504 1257 1588 editos‚Ho·

137 1621 291 1704 ratioque,
315 1638 416 1703 quum
440 1618 561 1682 iamin
585 1636 622 1682 eo
646 1622 730 1683 esset
756 1622 791 1681 ut
814 1635 868 1682 eos
893 1616 1013 1700 publici
1037 1618 1118 1684 iuris
1130 1619 1257 1705 faceret,

140 1752 261 1797 novom
290 1750 361 1798 esse
388 1731 519 1797 allatum
543 1729 672 1816 Virgilii
695 1749 795 1815 opus:
821 1732 927 1796 statim
951 1749 1024 1797 eum
1048 1737 1117 1797 tum
1142 1752 1258 1799 novam

140 1847 269 1911 satiram
303 1846 468 1930 scripsisse
504 1863 599 1928 quam
634 1842 725 1908 libris
761 1845 829 1909 suis
863 1849 1026 1928 tamquam
1059 1849 1257 1930 prooemium

138 1961 361 2045 praemitteret.
379 1957 468 2022 Nihil
492 1959 589 2040 enim,
611 1957 713 2041 credo,
733 1958 840 2042 potius
861 1959 891 2022 ei
909 1957 971 2023 fuit
983 1978 1080 2043 quam
1092 1963 1258 2026 utscurri·

139 2073 224 2140 libus
248 2072 441 2157 quibusdam
462 2071 501 2137 de
519 2070 698 2136 admirabili
720 2071 857 2156 aequali,
879 2074 1109 2138 cuitotettam
1123 2094 1255 2160 magnas

140 2207 191 2253 res
215 2186 350 2270 deberet
371 2187 450 2250 iocis
474 2183 652 2250 conflandis
675 2191 776 2251 semet
798 2187 904 2270 ipsum
924 2187 957 2250 in
979 2187 1099 2252 civium
1123 2208 1256 2254 suorum

141 2301 311 2367 adduceret
330 2300 606 2383 contemptionem.
628 2297 756 2382 Ergone
780 2299 840 2363 hoc
864 2318 993 2384 quoque
1013 2301 1106 2366 nobis
1126 2304 1257 2368 creden·

122 2463 124 2468 -
142 2415 228 2498 dum,
243 2413 417 2499 Virgilium
431 2412 605 2478 adversarii
616 2413 745 2496 ineptiis
756 2413 968 2497 respondisse,
980 2419 1110 2498 tamque
1122 2415 1257 2482 obscure

141 2527 343 2612 respondisse
377 2531 414 2591 ut
445 2544 538 2591 nemo
569 2526 751 2610 aequalium
774 2532 1014 2611 posterorumve
1037 2527 1117 2593 illud
1141 2532 1259 2596 sentire

142 2640 312 2706 consilium
346 2639 478 2725 posset?
513 2638 679 2705 Nihildum
717 2645 913 2725 compertum
947 2647 996 2706 est
1025 2660 1130 2727 neque
1152 2649 1258 2709 tamen

144 2755 259 2841 quietis
292 2753 385 2819 nobis
419 2772 490 2819 esse
510 2753 593 2818 licet.
617 2754 808 2839 Agnoscunt
832 2755 917 2819 anim
941 2756 1002 2818 viri
1025 2756 1108 2821 docti
1131 2757 1259 2823 nullum

142 2877 265 2935 certum
293 2865 461 2951 „talionis”
483 2872 520 2932 ut
543 2868 635 2933 aiunt
657 2867 743 2952 apud
765 2867 938 2953 Virgilium
962 2875 1088 2936 exstare
1111 2872 1257 2956 signum;

143 2988 251 3049 metuo
286 3000 361 3066 ergo
391 3000 433 3047 ne
462 2982 556 3046 etiam
580 2980 738 3046 eiusmodi
759 2981 887 3047 talionis
910 2985 1010 3068 signis
1033 2986 1260 3070 conquirendis

143 3097 324 3181 diligentiae
357 3095 600 3181 industriaeque
635 3113 713 3160 suae
747 3094 973 3161 documentum
1006 3097 1081 3163 dare
1111 3100 1261 3165 studeant

141 3210 269 3275 illorum
305 3208 463 3293 discipuli.
495 3205 657 3286 Quaerant
686 3228 818 3290 censeo3
843 3228 902 3274 nos
925 3211 1046 3276 interea
1069 3210 1108 3276 ab
1133 3211 1258 3304 Horatii

145 3325 249 3390 satiris
268 3322 379 3388 abesse
397 3323 550 3407 „vestigia
562 3320 667 3386 ruris’'
679 3323 958 3406 persuasissimum
971 3323 1064 3390 nobis
1076 3323 1258 3391 babeamus.

187 3438 240 3504 Ad
270 3438 405 3503 alterum
428 3442 554 3502 nostrae
579 3437 690 3501 aetatis
713 3436 753 3501 de
775 3436 909 3502 Horatio
932 3438 1100 3503 inventum
1124 3451 1260 3504 transeo.

142 3551 275 3616 Tantam
298 3551 384 3616 enim
406 3551 490 3616 inter
513 3548 642 3635 Virgilii
665 3549 808 3635 eclogam
832 3555 977 3635 quartam
1002 3556 1033 3616 et
1050 3550 1175 3616 Horatii
1187 3570 1260 3636 epo·

145 3666 208 3731 don
230 3664 313 3729 XVl
335 3664 529 3730 intercedere
552 3662 804 3746 similitudinem,
827 3669 864 3728 ut
884 3664 963 3748 quin
981 3663 1060 3729 alter
1080 3665 1261 3748 pottaalte-

145 3781 213 3847 rius
236 3779 333 3845 verba
356 3779 512 3844 nonnulla
531 3779 571 3844 de
589 3778 748 3844 industria
767 3780 801 3842 in
814 3799 909 3844 suum
922 3778 1120 3845 transtulerit
1132 3798 1261 3846 carmen

146 3893 285 3961 dubitari
313 3898 459 3978 nequeat
488 3893 669 3957 communis
692 3893 756 3956 iam
780 3893 923 3957 virorum
947 3893 1111 3958 doctorum
1136 3894 1263 3959 videtur

147 4028 216 4074 esse
248 4009 365 4093 opinio.
398 4006 516 4092 Ecloga
552 4012 659 4072 autem
688 4006 745 4071 illa
773 4006 812 4070 A.
824 4005 862 4070 U.
886 4006 950 4070 714
974 4007 1090 4092 scripta
1113 4007 1262 4092 editaque
1314 4024 1316 4030 ·

145 4128 202 4207 est,
236 4122 353 4207 epodos
384 4126 492 4186 autem
522 4121 562 4184 A.
574 4119 613 4184 U.
645 4119 718 4183 713.
746 4118 874 4204 Ergone
900 4118 1013 4184 alienis
1036 4138 1071 4185 se
1094 4121 1262 4186 exornavit

146 4237 260 4324 pennis
301 4235 467 4320 Virgilius.
510 4232 605 4317 „Noli
645 4231 793 4299 credere’'
832 4234 981 4299 nonnulli
1013 4236 1113 4300 aiunt.
1150 4233 1263 4319 „Gom-
