2954 5130
750 506 769 568 2

445 692 525 758 (lum
548 711 604 777 per
627 692 788 758 obstantes
806 691 961 756 iuvenum
981 694 1122 756 catervas

443 806 508 871 Ibit
529 807 686 890 insignem
710 811 857 890 repetens
880 804 1079 870 Nearchum:

445 918 572 985 Grande
594 923 762 1002 certamen,
785 918 843 983 tibi
866 918 983 1004 praeda
1004 918 1094 984 cedat

532 1031 635 1098 Maior
661 1052 702 1097 an
724 1032 773 1096 illi

203 1261 260 1329 pro
281 1243 389 1327 inepto
410 1242 481 1306 illi
504 1240 601 1307 scribi
622 1240 701 1306 illa
723 1240 888 1306 iubentis?

249 1354 333 1432 Quid
365 1374 509 1440 unquam
532 1357 566 1419 in
590 1360 701 1420 nostra
725 1360 791 1420 ante
814 1360 936 1420 certum
959 1355 1106 1440 nullique
1129 1354 1321 1419 dubitationi

201 1468 381 1534 obnoxium
415 1474 500 1533 recte
534 1468 598 1533 dici
628 1468 797 1551 videbitur,
828 1470 856 1533 si
886 1467 1065 1552 ambigetur
1088 1469 1181 1533 etiam
1205 1470 1239 1531 in
1262 1468 1320 1531 hac

203 1581 236 1648 0.
258 1581 302 1667 Π,
325 1583 345 1645 6
372 1581 501 1666 stropha

445 1767 545 1833 Tibur
567 1768 674 1853 Argeo
697 1768 835 1853 positum
859 1767 972 1832 colono

446 1881 495 1946 Sit
516 1900 605 1947 meae
628 1880 720 1947 sedes
742 1882 866 1946 utinam
889 1884 1041 1963 senectae,

446 1993 494 2060 Sit
516 1994 630 2060 modus
654 1994 738 2060 lasso
761 1995 858 2059 maris
883 1999 914 2059 et
936 1997 1062 2059 viarum

535 2107 740 2192 Militiaeque.

205 2297 277 2358 utra
305 2293 398 2363 lectio
428 2295 531 2378 potior
562 2295 604 2358 sit
634 2293 790 2376 habenda,
815 2295 986 2379 vulgatane
1009 2294 1154 2365 codicum
1177 2293 1324 2359 modus

204 2425 246 2471 an
267 2404 478 2490 Peerlkampii
501 2407 673 2473 domus?
1029 2469 1035 2478 ,

248 2518 331 2585 Sunt
363 2524 469 2584 tamen
506 2519 624 2585 multae
659 2520 739 2607 aliae
774 2521 1011 2587 emendationes
1043 2518 1324 2604 Peerlkampianoe

204 2633 279 2717 illis,
304 2633 390 2716 quod
412 2633 453 2697 ad
475 2632 664 2717 elegantiam
688 2638 719 2697 et
742 2636 1000 2719 perspicuitatem
1024 2635 1168 2719 pertinet,
1187 2635 1245 2697 vix
1263 2634 1323 2697 im·

206 2745 305 2833 panes,
336 2766 473 2830 quarum
506 2747 557 2811 hic
587 2746 709 2830 aliquot
732 2745 844 2831 citabo,
867 2748 953 2814 unde
976 2753 1138 2831 tamquam
1163 2767 1320 2813 summam

206 2860 346 2944 aliquam
376 2861 487 2925 iudicii
517 2859 681 2925 conficiam
707 2879 802 2944 quam
827 2861 861 2923 in
884 2859 987 2927 fronte
1009 2862 1105 2927 huius
1129 2867 1322 2928 commenta·

205 2974 303 3045 tionis
325 2993 511 3063 proponam.

207 3160 264 3244 IV,
279 3161 437 3243 15,1—4.
473 3157 624 3224 Phoebus
650 3159 807 3224 volentem
832 3159 951 3245 proelia
972 3178 1024 3225 me
1046 3159 1135 3243 loqui

471 3272 582 3337 Victas
606 3278 637 3337 et
662 3272 758 3337 urbes
781 3273 940 3357 increpuit
961 3273 1040 3357 lyra,

516 3384 565 3450 Ne
588 3405 686 3470 parvo
708 3385 907 3469 Tyrrhenum
932 3406 989 3471 per
1011 3406 1131 3471 aequor

561 3499 641 3564 Vela
670 3499 775 3564 darem
799 3519 825 3565 e.
839 3520 868 3584 q.
881 3520 906 3565 s.

255 3685 357 3764 Quam
380 3692 518 3752 venusta
541 3691 589 3752 est
611 3685 823 3770 Peerlkampii
845 3688 1028 3752 coniectura
1050 3707 1107 3772 pro
1129 3689 1222 3770 lyra
1245 3690 1323 3753 sori-
1365 3710 1370 3719 ·

209 3800 313 3866 bentie
343 3801 478 3884 lyrae,
502 3820 598 3885 quam
621 3802 735 3885 ingens
757 3801 976 3885 exemplorum
1000 3800 1323 3887 locupletissimorum

210 3918 300 4000 copia
324 3914 441 4000 quibus
465 3915 658 3980 locutionem
681 3914 799 3996 lyrae
821 3914 915 3980 vola
937 3915 1034 3980 dare
1056 3916 1212 3981 illustrat!

211 4101 268 4180 IV,
281 4103 310 4185 7,
323 4103 372 4166 19.
413 4100 535 4169 Cuncta
558 4120 673 4171 manue
696 4101 805 4166 uvidas
827 4100 952 4186 fugient
973 4102 1107 4185 heredis,
1133 4103 1234 4166 amico

587 4213 676 4292 Quae
700 4214 823 4281 dederis
848 4216 962 4285 animo.
