2954 5130
705 496 768 560 146

176 683 240 747 Pro
263 703 359 747 rara
380 682 538 748 Heinsius
560 682 730 768 legendum
754 684 881 748 censuit
903 702 1008 767 cara,
1029 703 1128 768 quam
1151 702 1212 769 ego
1225 703 1298 748 oon·

177 799 330 862 iacturam
351 799 482 861 omnine
498 796 692 882 probandam
706 816 828 874 cense0,
840 797 915 862 lieet
925 798 988 861 iam
1003 798 1154 883 aequales
1164 796 1298 863 Heinsio

180 913 244 977 sint
256 911 404 975 oblocuti.
419 910 503 987 Quid
516 912 601 976 enim
615 916 725 975 eontra
738 930 807 975 eam
820 915 853 975 et
864 911 941 975 olim
953 911 1131 976 attulerunt
1142 912 1207 975 viri
1219 913 1301 977 docti

178 1030 211 1090 et
232 1046 321 1090 nunc
351 1025 510 1090 afferunt?
536 1025 655 1110 ,Saepe
678 1027 712 1089 in
736 1025 1021 1111 inseripti0nibus'’
1045 1027 1137 1091 aiunt
1163 1028 1300 1111 ,legitur

177 1138 360 1227 feminae
389 1138 668 1204 rarissimae''.
701 1139 786 1216 Quid
811 1141 928 1203 mirum
954 1141 1078 1224 siquis
1102 1140 1301 1206 dicerevult

178 1253 317 1338 aliquam
340 1252 491 1318 feminam
515 1255 627 1318 ceteris
651 1252 801 1318 omnibus
820 1257 981 1337 praestare
999 1254 1130 1334 virtute,
1149 1254 1302 1336 castitate,

178 1367 265 1431 illam
297 1386 430 1431 raram
464 1367 515 1431 vel
544 1369 808 1432 rarissimam
833 1367 1008 1451 appellari?
1031 1365 1193 1432 Omnibus
1218 1369 1300 1433 enim

180 1500 248 1546 eam
281 1479 427 1564 exemplo
456 1479 556 1545 fuisse
579 1499 684 1565 neque
708 1480 802 1544 facile
827 1479 922 1544 aliam
946 1481 976 1544 ei
1001 1499 1108 1564 parem
1131 1481 1301 1546 inventum

179 1593 219 1656 iri
251 1612 288 1658 ea
318 1612 396 1657 voce
419 1593 626 1678 significatur.
651 1592 736 1669 Quid
760 1593 846 1677 quod
870 1594 981 1658 eodem
1006 1611 1104 1658 sensu
1128 1597 1160 1659 et
1184 1613 1204 1658 a
1226 1593 1302 1659 Pro·

180 1708 282 1792 pertio
305 1707 391 1771 haud
411 1707 509 1772 semel
533 1708 617 1772 idem
640 1708 772 1791 ponitur
797 1707 999 1772 adieetivum.
1023 1706 1076 1772 Sic
1097 1706 1149 1791 (V,
1175 1709 1227 1792 ll,
1251 1710 1301 1790 52)

181 1820 313 1886 Claudia
337 1820 469 1885 dieitur:

583 1983 716 2048 turritae
737 2002 808 2047 rara
830 1983 977 2048 ministra
999 1982 1084 2048 deae.

227 2146 267 2212 In
291 2146 402 2212 Clodia
424 2148 509 2212 enim
530 2146 695 2231 antiquam
715 2146 890 2210 castitatem
904 2145 1145 2210 admirabantur
1156 2145 1303 2231 aequales

184 2263 376 2347 posterique,
399 2262 478 2345 ipsis
501 2261 563 2325 diis
581 2259 814 2339 immortalibus
833 2259 895 2324 luit
913 2260 1103 2344 gratissima,
1122 2279 1200 2345 ergo
1213 2262 1304 2324 mira

185 2377 294 2440 culum
318 2374 479 2439 exhibuit:
505 2393 586 2438 zona
609 2375 694 2439 enim
719 2373 781 2456 (vel
803 2373 956 2456 crinibus,
977 2379 1015 2438 ut
1034 2375 1125 2438 aiunt
1145 2374 1304 2456 nonnulli)

185 2509 299 2555 navem
331 2491 365 2553 in
397 2509 462 2574 qua
484 2487 658 2553 vehebatur
680 2487 797 2572 Magna
819 2492 928 2570 mater,
951 2489 986 2552 in
1011 2488 1100 2553 vadis
1123 2488 1304 2554 haerentem

184 2606 293 2670 traxit.
324 2603 440 2668 Nonne
462 2602 620 2667 eiusmodi
641 2601 761 2666 femina
783 2620 894 2667 revera
917 2622 1011 2666 rara
1034 2601 1173 2672 astilit
1196 2603 1303 2668 eodem

186 2720 280 2784 modo
303 2717 342 2782 de
367 2716 504 2799 Cynthia
527 2734 602 2801 prae
625 2716 693 2780 suis
716 2712 914 2779 carminibus
932 2715 979 2779 nil
997 2734 1063 2780 non
1083 2720 1305 2782 contemnente

185 2832 343 2908 exclamat
366 2831 401 2915 (Ι,
423 2833 456 2929 ι8,
479 2832 520 2894 41
546 2830 620 2914 sq.):

319 2993 403 3059 Sunt
424 2993 523 3077 igitur
545 2990 667 3074 Musae,
688 3009 794 3075 neque
818 2991 938 3054 amanti
961 2988 1072 3055 tardus
1095 2990 1223 3076 Apollo,

365 3105 445 3184 uuis
469 3105 650 3190 egelnotus
673 3123 761 3168 amo:
787 3102 925 3186 Cynthia
947 3124 1019 3168 rara
1039 3108 1151 3169 meast.

187 3271 385 3354 Rectissime,
416 3274 454 3333 ut
476 3269 595 3353 opinor.
621 3264 723 3344 Quam
748 3285 867 3352 paucae
890 3268 976 3331 enim
999 3266 1207 3333 mulierculae
1230 3268 1305 3333 adeo

187 3388 221 3451 in
246 3387 370 3451 deliciis
400 3382 517 3447 habent
540 3381 675 3466 poesin?
699 3379 760 3445 Sed
784 3379 934 3445 omnibus
957 3380 1007 3445 his
1029 3380 1109 3445 locis
1132 3380 1173 3446 de
1198 3380 1305 3463 ,abso

187 3498 285 3583 luta'’,
322 3504 358 3562 ut
393 3517 430 3562 eo
463 3501 535 3560 utar
564 3494 730 3578 vocabulo,
760 3493 897 3558 feminae
927 3495 1046 3558 virtute
1070 3513 1174 3559 sermo
1198 3500 1256 3577 est,
1276 3498 1306 3558 at

187 3619 297 3679 nostro
332 3613 401 3676 loco
438 3611 476 3675 de
512 3607 686 3690 „relativa”
721 3608 834 3692 agitur.
869 3606 941 3672 Hoc
972 3609 1059 3673 onim
1090 3607 1168 3673 dicit
1198 3614 1303 3694 poeta:

190 3727 337 3812 quamvis
372 3724 476 3790 multa
509 3741 688 3807 magnaque
722 3722 756 3785 in
793 3720 931 3803 Cynthia
965 3721 1198 3806 deprehendam
1222 3723 1304 3804 vitia,

189 3845 295 3905 tamen
315 3859 384 3904 eam
405 3858 470 3902 non
483 3855 589 3902 amare
602 3855 667 3899 non
679 3854 823 3921 possum,
835 3833 890 3900 sed
902 3853 1028 3919 semper
1046 3853 1142 3900 cara
1161 3835 1240 3899 mihi
1251 3839 1302 3901 est

189 3954 328 4019 Prorsus
350 3951 460 4017 eodem
485 3951 579 4015 modo
599 3948 684 4034 apud
703 3947 906 4033 Lygdamum
925 3947 1001 4030 (lib.
1013 3947 1073 4031 111,
1086 3948 1114 4031 l,
1128 3949 1160 4029 5)
1170 3947 1308 4034 legitur:

323 4090 427 4156 Dicite
449 4089 592 4154 Pierides
616 4107 755 4172 quonam
780 4085 915 4152 donetur
937 4086 1058 4151 honore

367 4203 431 4269 Seu
455 4223 534 4286 mea,
557 4221 615 4267 seu
637 4201 739 4285 fallor,
762 4220 835 4266 cara
857 4199 980 4266 Neaera
1001 4205 1109 4266 tammi
