<?xml version="1.0" encoding="UTF-8"?>
<!DOCTYPE html PUBLIC "-//W3C//DTD XHTML 1.0 Transitional//EN"
    "http://www.w3.org/TR/xhtml1/DTD/xhtml1-transitional.dtd">
<html xmlns="http://www.w3.org/1999/xhtml" xml:lang="en" lang="en">
 <head>
  <title>
</title>
<meta http-equiv="Content-Type" content="text/html;charset=utf-8" />
  <meta name='ocr-system' content='tesseract 3.04.00' />
  <meta name='ocr-capabilities' content='ocr_page ocr_carea ocr_par ocr_line ocrx_word'/>
</head>
<body>
  <div class='ocr_page' id='page_1' title='image "./dehoratiopota00hartgoog_0131.png"; bbox 0 0 2954 5130; ppageno 0'>
   <div class='ocr_carea' id='block_1_1' title="bbox 777 527 840 590">
    <p class='ocr_par' dir='ltr' id='par_1_1' title="bbox 777 527 840 590">
     <span class='ocr_line' id='line_1_1' title="bbox 777 527 840 590; baseline -0.016 0"><span class='ocrx_word' id='word_1_1' title='bbox 777 527 840 590; x_wconf 85' lang='lat'><strong>120</strong></span> 
     </span>
    </p>
   </div>
   <div class='ocr_carea' id='block_1_2' title="bbox 256 711 1373 801">
    <p class='ocr_par' dir='ltr' id='par_1_2' title="bbox 256 711 1373 801">
     <span class='ocr_line' id='line_1_2' title="bbox 256 711 1373 801; baseline -0.006 -18"><span class='ocrx_word' id='word_1_2' title='bbox 256 719 336 782; x_wconf 93' lang='lat' dir='ltr'><strong>mari</strong></span> <span class='ocrx_word' id='word_1_3' title='bbox 358 719 543 801; x_wconf 87' lang='lat' dir='ltr'><strong>tempestate</strong></span> <span class='ocrx_word' id='word_1_4' title='bbox 565 718 702 778; x_wconf 88' lang='lat' dir='ltr'><strong>vexatus</strong></span> <span class='ocrx_word' id='word_1_5' title='bbox 725 719 825 779; x_wconf 86' lang='lat' dir='ltr'><strong>semet</strong></span> <span class='ocrx_word' id='word_1_6' title='bbox 847 716 954 799; x_wconf 91' lang='lat' dir='ltr'><strong>ipsum</strong></span> <span class='ocrx_word' id='word_1_7' title='bbox 978 717 1106 778; x_wconf 87' lang='lat' dir='ltr'><strong>accusat</strong></span> <span class='ocrx_word' id='word_1_8' title='bbox 1127 712 1163 796; x_wconf 86' lang='grc'><strong>(1,</strong></span> <span class='ocrx_word' id='word_1_9' title='bbox 1184 712 1236 796; x_wconf 77' lang='grc'><strong>17,</strong></span> <span class='ocrx_word' id='word_1_10' title='bbox 1257 711 1274 774; x_wconf 99' lang='grc'><strong>1</strong></span> <span class='ocrx_word' id='word_1_11' title='bbox 1296 714 1373 797; x_wconf 84' lang='lat' dir='ltr'><strong>sq.):</strong></span> 
     </span>
    </p>
   </div>
   <div class='ocr_carea' id='block_1_3' title="bbox 388 877 1186 1076">
    <p class='ocr_par' dir='ltr' id='par_1_3' title="bbox 388 877 1186 1076">
     <span class='ocr_line' id='line_1_3' title="bbox 388 877 1186 963; baseline -0.005 -20"><span class='ocrx_word' id='word_1_12' title='bbox 388 879 431 943; x_wconf 82' lang='lat' dir='ltr'><strong>Et</strong></span> <span class='ocrx_word' id='word_1_13' title='bbox 453 881 575 962; x_wconf 81' lang='lat' dir='ltr'><strong>meritc,</strong></span> <span class='ocrx_word' id='word_1_14' title='bbox 599 879 748 963; x_wconf 90' lang='lat' dir='ltr'><strong>quoniam</strong></span> <span class='ocrx_word' id='word_1_15' title='bbox 773 880 863 963; x_wconf 93' lang='lat' dir='ltr'><strong>potui</strong></span> <span class='ocrx_word' id='word_1_16' title='bbox 885 877 1006 962; x_wconf 82' lang='lat' dir='ltr'><strong>fugisse</strong></span> <span class='ocrx_word' id='word_1_17' title='bbox 1029 877 1186 962; x_wconf 85' lang='lat' dir='ltr'>puellam!</span> 
     </span>
     <span class='ocr_line' id='line_1_4' title="bbox 433 992 1127 1076; baseline -0.003 -19"><span class='ocrx_word' id='word_1_18' title='bbox 433 992 529 1058; x_wconf 89' lang='lat' dir='ltr'><strong>Nunc</strong></span> <span class='ocrx_word' id='word_1_19' title='bbox 553 1013 612 1076; x_wconf 86' lang='lat' dir='ltr'><strong>ego</strong></span> <span class='ocrx_word' id='word_1_20' title='bbox 635 992 774 1057; x_wconf 87' lang='lat' dir='ltr'><strong>desertas</strong></span> <span class='ocrx_word' id='word_1_21' title='bbox 797 992 943 1076; x_wconf 93' lang='lat' dir='ltr'><strong>alloquor</strong></span> <span class='ocrx_word' id='word_1_22' title='bbox 970 992 1127 1073; x_wconf 80' lang='lat' dir='ltr'><strong>alcyones.</strong></span> 
     </span>
    </p>
   </div>
   <div class='ocr_carea' id='block_1_4' title="bbox 257 1164 1373 1584">
    <p class='ocr_par' dir='ltr' id='par_1_4' title="bbox 257 1164 1373 1584">
     <span class='ocr_line' id='line_1_5' title="bbox 302 1164 1372 1252; baseline -0.005 -19"><span class='ocrx_word' id='word_1_23' title='bbox 302 1168 396 1233; x_wconf 86' lang='lat' dir='ltr'><strong>Solus</strong></span> <span class='ocrx_word' id='word_1_24' title='bbox 429 1186 486 1252; x_wconf 87' lang='lat' dir='ltr'><strong>per</strong></span> <span class='ocrx_word' id='word_1_25' title='bbox 519 1167 615 1232; x_wconf 85' lang='lat' dir='ltr'><strong>silvas</strong></span> <span class='ocrx_word' id='word_1_26' title='bbox 645 1170 728 1231; x_wconf 87' lang='lat' dir='ltr'><strong>errat</strong></span> <span class='ocrx_word' id='word_1_27' title='bbox 757 1185 799 1231; x_wconf 92' lang='lat' dir='ltr'><strong>ne</strong></span> <span class='ocrx_word' id='word_1_28' title='bbox 831 1171 977 1250; x_wconf 89' lang='lat' dir='ltr'><strong>aspectus</strong></span> <span class='ocrx_word' id='word_1_29' title='bbox 1008 1185 1126 1249; x_wconf 88' lang='lat' dir='ltr'><strong>rerum,</strong></span> <span class='ocrx_word' id='word_1_30' title='bbox 1149 1185 1231 1250; x_wconf 91' lang='lat' dir='ltr'><strong>quae</strong></span> <span class='ocrx_word' id='word_1_31' title='bbox 1256 1164 1318 1230; x_wconf 86' lang='lat' dir='ltr'><strong>sibi</strong></span> <span class='ocrx_word' id='word_1_32' title='bbox 1341 1167 1372 1229; x_wconf 92' lang='lat' dir='ltr'><strong>iu</strong></span> 
     </span>
     <span class='ocr_line' id='line_1_6' title="bbox 257 1279 1373 1365; baseline -0.004 -19"><span class='ocrx_word' id='word_1_33' title='bbox 257 1287 396 1348; x_wconf 87' lang='lat' dir='ltr'><strong>mentem</strong></span> <span class='ocrx_word' id='word_1_34' title='bbox 417 1285 532 1345; x_wconf 84' lang='lat' dir='ltr'><strong>vocent</strong></span> <span class='ocrx_word' id='word_1_35' title='bbox 554 1280 703 1365; x_wconf 79' lang='lat' dir='ltr'><strong>puellam,</strong></span> <span class='ocrx_word' id='word_1_36' title='bbox 726 1301 745 1343; x_wconf 91' lang='lat' dir='ltr'><strong>a</strong></span> <span class='ocrx_word' id='word_1_37' title='bbox 768 1300 832 1364; x_wconf 93' lang='lat' dir='ltr'><strong>qua</strong></span> <span class='ocrx_word' id='word_1_38' title='bbox 855 1280 1026 1344; x_wconf 86' lang='lat' dir='ltr'><strong>crudeliter</strong></span> <span class='ocrx_word' id='word_1_39' title='bbox 1046 1279 1267 1363; x_wconf 79' lang='lat' dir='ltr'><strong>sitrepulsus,</strong></span> <span class='ocrx_word' id='word_1_40' title='bbox 1289 1279 1373 1343; x_wconf 91' lang='lat' dir='ltr'><strong>dolo-</strong></span> 
     </span>
     <span class='ocr_line' id='line_1_7' title="bbox 257 1391 1373 1478; baseline -0.004 -18"><span class='ocrx_word' id='word_1_41' title='bbox 257 1415 325 1461; x_wconf 92' lang='lat' dir='ltr'><strong>rem</strong></span> <span class='ocrx_word' id='word_1_42' title='bbox 360 1415 455 1460; x_wconf 88' lang='lat' dir='ltr'><strong>suum</strong></span> <span class='ocrx_word' id='word_1_43' title='bbox 487 1413 611 1478; x_wconf 90' lang='lat' dir='ltr'><strong>semper</strong></span> <span class='ocrx_word' id='word_1_44' title='bbox 641 1398 779 1458; x_wconf 82' lang='lat' dir='ltr'>renovet.</span> <span class='ocrx_word' id='word_1_45' title='bbox 811 1391 872 1457; x_wconf 85' lang='lat' dir='ltr'><strong>Sed</strong></span> <span class='ocrx_word' id='word_1_46' title='bbox 900 1393 977 1478; x_wconf 93' lang='lat' dir='ltr'><strong>quid</strong></span> <span class='ocrx_word' id='word_1_47' title='bbox 1008 1399 1144 1477; x_wconf 88' lang='lat' dir='ltr'><strong>possunt</strong></span> <span class='ocrx_word' id='word_1_48' title='bbox 1174 1393 1314 1457; x_wconf 86' lang='lat' dir='ltr'><strong>solitudo</strong></span> <span class='ocrx_word' id='word_1_49' title='bbox 1345 1398 1373 1457; x_wconf 88' lang='lat' dir='ltr'><strong>et</strong></span> 
     </span>
     <span class='ocr_line' id='line_1_8' title="bbox 258 1505 1231 1584; baseline -0.003 -11"><span class='ocrx_word' id='word_1_50' title='bbox 258 1508 439 1573; x_wconf 87' lang='lat' dir='ltr'><strong>silentium!</strong></span> <span class='ocrx_word' id='word_1_51' title='bbox 464 1505 564 1584; x_wconf 81' lang='lat' dir='ltr'><strong>Quam</strong></span> <span class='ocrx_word' id='word_1_52' title='bbox 590 1507 719 1571; x_wconf 87' lang='lat' dir='ltr'><strong>assidua</strong></span> <span class='ocrx_word' id='word_1_53' title='bbox 742 1508 849 1570; x_wconf 91' lang='lat' dir='ltr'><strong>animo</strong></span> <span class='ocrx_word' id='word_1_54' title='bbox 877 1507 946 1570; x_wconf 90' lang='lat' dir='ltr'><strong>eius</strong></span> <span class='ocrx_word' id='word_1_55' title='bbox 968 1507 1130 1571; x_wconf 90' lang='lat' dir='ltr'><strong>inhaereat</strong></span> <span class='ocrx_word' id='word_1_56' title='bbox 1154 1525 1231 1570; x_wconf 89' lang='lat' dir='ltr'><strong>oura</strong></span> 
     </span>
    </p>
   </div>
   <div class='ocr_carea' id='block_1_5' title="bbox 390 1667 1352 1980">
    <p class='ocr_par' dir='ltr' id='par_1_5' title="bbox 390 1667 1352 1980">
     <span class='ocr_line' id='line_1_9' title="bbox 390 1667 1224 1754; baseline 0 -21"><span class='ocrx_word' id='word_1_57' title='bbox 390 1669 457 1734; x_wconf 83' lang='lat' dir='ltr'><strong>Vos</strong></span> <span class='ocrx_word' id='word_1_58' title='bbox 482 1669 569 1733; x_wconf 86' lang='lat' dir='ltr'><strong>eritis</strong></span> <span class='ocrx_word' id='word_1_59' title='bbox 594 1673 698 1753; x_wconf 87' lang='lat' dir='ltr'><strong>testes,</strong></span> <span class='ocrx_word' id='word_1_60' title='bbox 721 1670 832 1752; x_wconf 91' lang='lat' dir='ltr'><strong>siquos</strong></span> <span class='ocrx_word' id='word_1_61' title='bbox 856 1667 950 1733; x_wconf 90' lang='lat' dir='ltr'><strong>habet</strong></span> <span class='ocrx_word' id='word_1_62' title='bbox 974 1669 1068 1733; x_wconf 88' lang='lat' dir='ltr'><strong>arbor</strong></span> <span class='ocrx_word' id='word_1_63' title='bbox 1091 1688 1224 1754; x_wconf 81' lang='lat' dir='ltr'><strong>amores,</strong></span> 
     </span>
     <span class='ocr_line' id='line_1_10' title="bbox 436 1782 1095 1867; baseline -0.002 -21"><span class='ocrx_word' id='word_1_64' title='bbox 436 1782 543 1867; x_wconf 82' lang='lat' dir='ltr'><strong>Fagus</strong></span> <span class='ocrx_word' id='word_1_65' title='bbox 566 1787 597 1846; x_wconf 92' lang='lat' dir='ltr'><strong>et</strong></span> <span class='ocrx_word' id='word_1_66' title='bbox 619 1782 756 1846; x_wconf 82' lang='lat' dir='ltr'><strong>Arcadio</strong></span> <span class='ocrx_word' id='word_1_67' title='bbox 780 1783 876 1866; x_wconf 90' lang='lat' dir='ltr'><strong>pinus</strong></span> <span class='ocrx_word' id='word_1_68' title='bbox 902 1787 1005 1846; x_wconf 90' lang='lat' dir='ltr'><strong>amata</strong></span> <span class='ocrx_word' id='word_1_69' title='bbox 1029 1783 1095 1847; x_wconf 91' lang='lat' dir='ltr'><strong>dec.</strong></span> 
     </span>
     <span class='ocr_line' id='line_1_11' title="bbox 390 1895 1352 1980; baseline 0 -20"><span class='ocrx_word' id='word_1_70' title='bbox 390 1899 420 1960; x_wconf 89' lang='lat' dir='ltr'><strong>A</strong></span> <span class='ocrx_word' id='word_1_71' title='bbox 444 1897 568 1980; x_wconf 88' lang='lat' dir='ltr'><strong>quoties</strong></span> <span class='ocrx_word' id='word_1_72' title='bbox 592 1901 716 1960; x_wconf 89' lang='lat' dir='ltr'><strong>teneras</strong></span> <span class='ocrx_word' id='word_1_73' title='bbox 740 1902 890 1960; x_wconf 87' lang='lat' dir='ltr'><strong>resonant</strong></span> <span class='ocrx_word' id='word_1_74' title='bbox 914 1915 985 1960; x_wconf 94' lang='lat' dir='ltr'><strong>mea</strong></span> <span class='ocrx_word' id='word_1_75' title='bbox 1008 1895 1105 1961; x_wconf 88' lang='lat' dir='ltr'><strong>verba</strong></span> <span class='ocrx_word' id='word_1_76' title='bbox 1128 1896 1189 1960; x_wconf 92' lang='lat' dir='ltr'><strong>sub</strong></span> <span class='ocrx_word' id='word_1_77' title='bbox 1212 1895 1352 1978; x_wconf 88' lang='lat' dir='ltr'><strong>umbras,</strong></span> 
     </span>
    </p>
   </div>
   <div class='ocr_carea' id='block_1_6' title="bbox 434 2009 1330 2208">
    <p class='ocr_par' dir='ltr' id='par_1_6' title="bbox 434 2009 1330 2208">
     <span class='ocr_line' id='line_1_12' title="bbox 434 2009 1155 2092; baseline -0.004 -17"><span class='ocrx_word' id='word_1_78' title='bbox 434 2009 591 2075; x_wconf 82' lang='lat' dir='ltr'><strong>Scribitur</strong></span> <span class='ocrx_word' id='word_1_79' title='bbox 614 2016 645 2074; x_wconf 86' lang='lat' dir='ltr'><strong>ct</strong></span> <span class='ocrx_word' id='word_1_80' title='bbox 669 2011 783 2074; x_wconf 85' lang='lat' dir='ltr'><strong>vestris</strong></span> <span class='ocrx_word' id='word_1_81' title='bbox 807 2009 944 2092; x_wconf 79' lang='lat' dir='ltr'><strong>Cynthia</strong></span> <span class='ocrx_word' id='word_1_82' title='bbox 966 2009 1155 2074; x_wconf 76' lang='lat' dir='ltr'><strong>corticibus!</strong></span> 
     </span>
     <span class='ocr_line' id='line_1_13' title="bbox 1039 2122 1330 2208; baseline 0 -22"><span class='ocrx_word' id='word_1_83' title='bbox 1039 2122 1075 2207; x_wconf 86' lang='lat' dir='ltr'><strong>(I,</strong></span> <span class='ocrx_word' id='word_1_84' title='bbox 1100 2125 1150 2207; x_wconf 83' lang='lat'><strong>18,</strong></span> <span class='ocrx_word' id='word_1_85' title='bbox 1175 2124 1216 2187; x_wconf 88' lang='grc'><strong>19</strong></span> <span class='ocrx_word' id='word_1_86' title='bbox 1240 2125 1330 2208; x_wconf 86' lang='lat' dir='ltr'><strong>sqq).</strong></span> 
     </span>
    </p>
   </div>
   <div class='ocr_carea' id='block_1_7' title="bbox 258 2296 1375 2495">
    <p class='ocr_par' dir='ltr' id='par_1_7' title="bbox 258 2296 1375 2495">
     <span class='ocr_line' id='line_1_14' title="bbox 302 2296 1374 2391; baseline 0 -29"><span class='ocrx_word' id='word_1_87' title='bbox 302 2296 420 2363; x_wconf 82' lang='lat' dir='ltr'><strong>Doctas</strong></span> <span class='ocrx_word' id='word_1_88' title='bbox 454 2298 593 2381; x_wconf 91' lang='lat' dir='ltr'><strong>denique</strong></span> <span class='ocrx_word' id='word_1_89' title='bbox 622 2296 823 2381; x_wconf 87' lang='lat' dir='ltr'><strong>profecturus</strong></span> <span class='ocrx_word' id='word_1_90' title='bbox 854 2302 902 2363; x_wconf 91' lang='lat' dir='ltr'><strong>est</strong></span> <span class='ocrx_word' id='word_1_91' title='bbox 923 2298 1084 2362; x_wconf 85' lang='lat' dir='ltr'><strong>Athenas:</strong></span> <span class='ocrx_word' id='word_1_92' title='bbox 1108 2299 1164 2391; x_wconf 90' lang='lat' dir='ltr'><strong>illa</strong></span> <span class='ocrx_word' id='word_1_93' title='bbox 1187 2300 1273 2363; x_wconf 91' lang='lat' dir='ltr'><strong>enim</strong></span> <span class='ocrx_word' id='word_1_94' title='bbox 1299 2297 1374 2363; x_wconf 92' lang='lat' dir='ltr'><strong>urbs</strong></span> 
     </span>
     <span class='ocr_line' id='line_1_15' title="bbox 258 2412 1375 2495; baseline -0.001 -18"><span class='ocrx_word' id='word_1_95' title='bbox 258 2412 399 2478; x_wconf 84' lang='lat' dir='ltr'><strong>abundat</strong></span> <span class='ocrx_word' id='word_1_96' title='bbox 433 2412 529 2476; x_wconf 91' lang='lat' dir='ltr'><strong>rebus</strong></span> <span class='ocrx_word' id='word_1_97' title='bbox 560 2430 642 2495; x_wconf 90' lang='lat' dir='ltr'><strong>quae</strong></span> <span class='ocrx_word' id='word_1_98' title='bbox 673 2416 784 2495; x_wconf 69' lang='lat' dir='ltr'><strong>poetae</strong></span> <span class='ocrx_word' id='word_1_99' title='bbox 814 2417 961 2494; x_wconf 83' lang='lat' dir='ltr'>mentem,</span> <span class='ocrx_word' id='word_1_100' title='bbox 986 2413 1101 2476; x_wconf 92' lang='lat' dir='ltr'><strong>sinon</strong></span> <span class='ocrx_word' id='word_1_101' title='bbox 1125 2431 1247 2495; x_wconf 83' lang='lat' dir='ltr'><strong>sanare,</strong></span> <span class='ocrx_word' id='word_1_102' title='bbox 1269 2417 1375 2477; x_wconf 91' lang='lat' dir='ltr'><strong>tamen</strong></span> 
     </span>
    </p>
   </div>
   <div class='ocr_carea' id='block_1_8' title="bbox 259 2525 1374 2725">
    <p class='ocr_par' dir='ltr' id='par_1_8' title="bbox 259 2525 1374 2725">
     <span class='ocr_line' id='line_1_16' title="bbox 259 2525 1374 2611; baseline 0.001 -21"><span class='ocrx_word' id='word_1_103' title='bbox 259 2527 366 2610; x_wconf 90' lang='lat' dir='ltr'><strong>aliquo</strong></span> <span class='ocrx_word' id='word_1_104' title='bbox 392 2526 532 2590; x_wconf 89' lang='lat' dir='ltr'><strong>mulcere</strong></span> <span class='ocrx_word' id='word_1_105' title='bbox 555 2527 680 2610; x_wconf 85' lang='lat' dir='ltr'><strong>possint</strong></span> <span class='ocrx_word' id='word_1_106' title='bbox 703 2527 823 2590; x_wconf 89' lang='lat' dir='ltr'><strong>solatio.</strong></span> <span class='ocrx_word' id='word_1_107' title='bbox 847 2525 909 2591; x_wconf 81' lang='grc'><strong>801</strong></span> <span class='ocrx_word' id='word_1_108' title='bbox 934 2547 1030 2611; x_wconf 93' lang='lat' dir='ltr'><strong>quam</strong></span> <span class='ocrx_word' id='word_1_109' title='bbox 1050 2528 1167 2611; x_wconf 86' lang='lat' dir='ltr'><strong>exigua</strong></span> <span class='ocrx_word' id='word_1_110' title='bbox 1186 2546 1374 2611; x_wconf 82' lang='lat' dir='ltr'><strong>spanorum</strong></span> 
     </span>
     <span class='ocr_line' id='line_1_17' title="bbox 259 2638 1295 2725; baseline 0 -21"><span class='ocrx_word' id='word_1_111' title='bbox 259 2644 359 2705; x_wconf 87' lang='lat' dir='ltr'><strong>tentet</strong></span> <span class='ocrx_word' id='word_1_112' title='bbox 381 2639 557 2704; x_wconf 91' lang='lat' dir='ltr'><strong>remedium</strong></span> <span class='ocrx_word' id='word_1_113' title='bbox 582 2640 632 2704; x_wconf 92' lang='lat' dir='ltr'><strong>his</strong></span> <span class='ocrx_word' id='word_1_114' title='bbox 656 2644 790 2704; x_wconf 88' lang='lat' dir='ltr'><strong>testatur</strong></span> <span class='ocrx_word' id='word_1_115' title='bbox 813 2638 961 2705; x_wconf 85' lang='lat' dir='ltr'><strong>versibus</strong></span> <span class='ocrx_word' id='word_1_116' title='bbox 984 2641 1051 2725; x_wconf 87' lang='lat' dir='ltr'><strong>(IV,</strong></span> <span class='ocrx_word' id='word_1_117' title='bbox 1076 2642 1127 2724; x_wconf 85' lang='lat'><strong>21,</strong></span> <span class='ocrx_word' id='word_1_118' title='bbox 1152 2642 1194 2704; x_wconf 84' lang='lat'><strong>34</strong></span> <span class='ocrx_word' id='word_1_119' title='bbox 1217 2642 1295 2725; x_wconf 90' lang='lat' dir='ltr'><strong>sq.):</strong></span> 
     </span>
    </p>
   </div>
   <div class='ocr_carea' id='block_1_9' title="bbox 391 2801 1198 2999">
    <p class='ocr_par' dir='ltr' id='par_1_9' title="bbox 391 2801 1198 2999">
     <span class='ocr_line' id='line_1_18' title="bbox 391 2801 1180 2888; baseline 0.001 -21"><span class='ocrx_word' id='word_1_120' title='bbox 391 2801 457 2867; x_wconf 88' lang='lat' dir='ltr'><strong>Seu</strong></span> <span class='ocrx_word' id='word_1_121' title='bbox 481 2803 606 2886; x_wconf 84' lang='lat' dir='ltr'><strong>moriar,</strong></span> <span class='ocrx_word' id='word_1_122' title='bbox 628 2802 702 2886; x_wconf 81' lang='lat' dir='ltr'><strong>fato,</strong></span> <span class='ocrx_word' id='word_1_123' title='bbox 724 2822 790 2867; x_wconf 91' lang='lat' dir='ltr'><strong>non</strong></span> <span class='ocrx_word' id='word_1_124' title='bbox 813 2805 899 2888; x_wconf 86' lang='lat' dir='ltr'><strong>turpi</strong></span> <span class='ocrx_word' id='word_1_125' title='bbox 921 2802 1041 2868; x_wconf 87' lang='lat' dir='ltr'><strong>fractus</strong></span> <span class='ocrx_word' id='word_1_126' title='bbox 1064 2821 1180 2886; x_wconf 83' lang='lat' dir='ltr'><strong>amore,</strong></span> 
     </span>
     <span class='ocr_line' id='line_1_19' title="bbox 436 2916 1198 2999; baseline 0.004 -20"><span class='ocrx_word' id='word_1_127' title='bbox 436 2916 545 2999; x_wconf 85' lang='lat' dir='ltr'><strong>Atque</strong></span> <span class='ocrx_word' id='word_1_128' title='bbox 568 2917 628 2980; x_wconf 83' lang='lat' dir='ltr'><strong>erit</strong></span> <span class='ocrx_word' id='word_1_129' title='bbox 651 2917 706 2981; x_wconf 92' lang='lat' dir='ltr'><strong>illa</strong></span> <span class='ocrx_word' id='word_1_130' title='bbox 728 2916 807 2980; x_wconf 90' lang='lat' dir='ltr'><strong>mihi</strong></span> <span class='ocrx_word' id='word_1_131' title='bbox 829 2918 941 2981; x_wconf 87' lang='lat' dir='ltr'><strong>mortis</strong></span> <span class='ocrx_word' id='word_1_132' title='bbox 964 2917 1100 2982; x_wconf 85' lang='lat' dir='ltr'><strong>honesta</strong></span> <span class='ocrx_word' id='word_1_133' title='bbox 1122 2917 1198 2982; x_wconf 87' lang='lat' dir='ltr'><strong>dies.</strong></span> 
     </span>
    </p>
   </div>
   <div class='ocr_carea' id='block_1_10' title="bbox 259 3089 1379 4315">
    <p class='ocr_par' dir='ltr' id='par_1_10' title="bbox 259 3089 1379 4315">
     <span class='ocr_line' id='line_1_20' title="bbox 303 3089 1374 3176; baseline 0.002 -22"><span class='ocrx_word' id='word_1_134' title='bbox 303 3089 344 3155; x_wconf 84' lang='lat' dir='ltr'><strong>Et</strong></span> <span class='ocrx_word' id='word_1_135' title='bbox 367 3092 498 3154; x_wconf 90' lang='lat' dir='ltr'><strong>omnino</strong></span> <span class='ocrx_word' id='word_1_136' title='bbox 521 3092 626 3155; x_wconf 86' lang='lat' dir='ltr'><strong>invisa</strong></span> <span class='ocrx_word' id='word_1_137' title='bbox 644 3109 695 3155; x_wconf 90' lang='lat' dir='ltr'><strong>res</strong></span> <span class='ocrx_word' id='word_1_138' title='bbox 714 3091 816 3175; x_wconf 71' lang='lat' dir='ltr'><strong>poetis</strong></span> <span class='ocrx_word' id='word_1_139' title='bbox 834 3089 987 3156; x_wconf 91' lang='lat' dir='ltr'><strong>Romanis</strong></span> <span class='ocrx_word' id='word_1_140' title='bbox 1000 3095 1078 3155; x_wconf 92' lang='lat' dir='ltr'><strong>sunt</strong></span> <span class='ocrx_word' id='word_1_141' title='bbox 1089 3093 1374 3176; x_wconf 80' lang='lat' dir='ltr'><strong>peregrinationes:</strong></span> 
     </span>
     <span class='ocr_line' id='line_1_21' title="bbox 259 3202 1377 3291; baseline 0.004 -23"><span class='ocrx_word' id='word_1_142' title='bbox 259 3202 371 3269; x_wconf 90' lang='lat' dir='ltr'><strong>urbem</strong></span> <span class='ocrx_word' id='word_1_143' title='bbox 406 3203 540 3268; x_wconf 90' lang='lat' dir='ltr'><strong>Romam</strong></span> <span class='ocrx_word' id='word_1_144' title='bbox 573 3209 688 3286; x_wconf 86' lang='lat' dir='ltr'><strong>amant,</strong></span> <span class='ocrx_word' id='word_1_145' title='bbox 720 3204 765 3268; x_wconf 93' lang='lat' dir='ltr'><strong>ibi</strong></span> <span class='ocrx_word' id='word_1_146' title='bbox 788 3222 899 3269; x_wconf 89' lang='lat' dir='ltr'><strong>revera</strong></span> <span class='ocrx_word' id='word_1_147' title='bbox 923 3204 985 3269; x_wconf 92' lang='lat' dir='ltr'><strong>sibi</strong></span> <span class='ocrx_word' id='word_1_148' title='bbox 1007 3207 1115 3270; x_wconf 90' lang='lat' dir='ltr'><strong>vivere</strong></span> <span class='ocrx_word' id='word_1_149' title='bbox 1138 3206 1300 3291; x_wconf 84' lang='lat' dir='ltr'><strong>videntur,</strong></span> <span class='ocrx_word' id='word_1_150' title='bbox 1322 3208 1377 3272; x_wconf 89' lang='lat' dir='ltr'><strong>illa</strong></span> 
     </span>
     <span class='ocr_line' id='line_1_22' title="bbox 259 3315 1378 3401; baseline 0.003 -20"><span class='ocrx_word' id='word_1_151' title='bbox 259 3318 368 3384; x_wconf 90' lang='lat' dir='ltr'><strong>relicta</strong></span> <span class='ocrx_word' id='word_1_152' title='bbox 403 3323 503 3382; x_wconf 89' lang='lat' dir='ltr'><strong>semet</strong></span> <span class='ocrx_word' id='word_1_153' title='bbox 536 3318 623 3401; x_wconf 91' lang='lat' dir='ltr'><strong>ipsos</strong></span> <span class='ocrx_word' id='word_1_154' title='bbox 655 3322 821 3401; x_wconf 88' lang='lat' dir='ltr'><strong>quaerunt</strong></span> <span class='ocrx_word' id='word_1_155' title='bbox 846 3315 938 3393; x_wconf 75' lang='lat' dir='ltr'><strong>Quod</strong></span> <span class='ocrx_word' id='word_1_156' title='bbox 962 3318 1060 3382; x_wconf 90' lang='lat' dir='ltr'><strong>semel</strong></span> <span class='ocrx_word' id='word_1_157' title='bbox 1083 3316 1269 3385; x_wconf 84' lang='lat' dir='ltr'><strong>observasse</strong></span> <span class='ocrx_word' id='word_1_158' title='bbox 1292 3320 1378 3384; x_wconf 91' lang='lat' dir='ltr'><strong>haud</strong></span> 
     </span>
     <span class='ocr_line' id='line_1_23' title="bbox 259 3430 1378 3517; baseline 0.004 -21"><span class='ocrx_word' id='word_1_159' title='bbox 259 3432 374 3497; x_wconf 86' lang='lat' dir='ltr'><strong>inutile</strong></span> <span class='ocrx_word' id='word_1_160' title='bbox 395 3432 531 3497; x_wconf 83' lang='lat' dir='ltr'><strong>videtur.</strong></span> <span class='ocrx_word' id='word_1_161' title='bbox 554 3430 666 3517; x_wconf 90' lang='lat' dir='ltr'><strong>Nuper</strong></span> <span class='ocrx_word' id='word_1_162' title='bbox 689 3434 773 3497; x_wconf 91' lang='lat' dir='ltr'><strong>enim</strong></span> <span class='ocrx_word' id='word_1_163' title='bbox 792 3432 975 3497; x_wconf 81' lang='lat' dir='ltr'><strong>Theodorus</strong></span> <span class='ocrx_word' id='word_1_164' title='bbox 995 3432 1215 3499; x_wconf 87' lang='lat' dir='ltr'><strong>Mommsenus</strong></span> <span class='ocrx_word' id='word_1_165' title='bbox 1236 3437 1378 3501; x_wconf 89' lang='lat' dir='ltr'><strong>oratione</strong></span> 
     </span>
     <span class='ocr_line' id='line_1_24' title="bbox 261 3545 1379 3632; baseline 0.004 -23"><span class='ocrx_word' id='word_1_166' title='bbox 261 3545 399 3630; x_wconf 90' lang='lat' dir='ltr'><strong>quadam</strong></span> <span class='ocrx_word' id='word_1_167' title='bbox 435 3545 553 3626; x_wconf 89' lang='lat' dir='ltr'><strong>(habita</strong></span> <span class='ocrx_word' id='word_1_168' title='bbox 583 3545 639 3610; x_wconf 90' lang='lat' dir='ltr'><strong>illa</strong></span> <span class='ocrx_word' id='word_1_169' title='bbox 668 3551 715 3610; x_wconf 90' lang='lat' dir='ltr'><strong>est</strong></span> <span class='ocrx_word' id='word_1_170' title='bbox 746 3545 889 3610; x_wconf 88' lang='lat' dir='ltr'><strong>Berolini</strong></span> <span class='ocrx_word' id='word_1_171' title='bbox 919 3546 960 3609; x_wconf 81' lang='lat'><strong>27</strong></span> <span class='ocrx_word' id='word_1_172' title='bbox 985 3545 1057 3611; x_wconf 83' lang='lat' dir='ltr'><strong>Jan.</strong></span> <span class='ocrx_word' id='word_1_173' title='bbox 1083 3548 1179 3629; x_wconf 84' lang='grc'>1889)</span> <span class='ocrx_word' id='word_1_174' title='bbox 1212 3568 1295 3632; x_wconf 91' lang='lat' dir='ltr'><strong>quae</strong></span> <span class='ocrx_word' id='word_1_175' title='bbox 1316 3549 1379 3613; x_wconf 90' lang='lat' dir='ltr'><strong>loci</strong></span> 
     </span>
     <span class='ocr_line' id='line_1_25' title="bbox 260 3658 1377 3747; baseline 0.004 -24"><span class='ocrx_word' id='word_1_176' title='bbox 260 3658 428 3724; x_wconf 85' lang='lat' dir='ltr'><strong>Horatiani</strong></span> <span class='ocrx_word' id='word_1_177' title='bbox 457 3658 517 3743; x_wconf 78' lang='grc' dir='ltr'><strong>ΠΙ,</strong></span> <span class='ocrx_word' id='word_1_178' title='bbox 546 3659 575 3742; x_wconf 85' lang='lat'><strong>6,</strong></span> <span class='ocrx_word' id='word_1_179' title='bbox 601 3660 641 3722; x_wconf 84' lang='grc'><strong>57</strong></span> <span class='ocrx_word' id='word_1_180' title='bbox 667 3679 735 3744; x_wconf 89' lang='lat' dir='ltr'><strong>sqq.</strong></span> <span class='ocrx_word' id='word_1_181' title='bbox 766 3679 841 3725; x_wconf 86' lang='lat' dir='ltr'><strong>vera</strong></span> <span class='ocrx_word' id='word_1_182' title='bbox 872 3666 956 3725; x_wconf 88' lang='lat' dir='ltr'><strong>osset</strong></span> <span class='ocrx_word' id='word_1_183' title='bbox 986 3663 1036 3726; x_wconf 87' lang='lat' dir='ltr'><strong>vis</strong></span> <span class='ocrx_word' id='word_1_184' title='bbox 1059 3663 1186 3747; x_wconf 88' lang='lat' dir='ltr'><strong>egregie</strong></span> <span class='ocrx_word' id='word_1_185' title='bbox 1208 3665 1377 3747; x_wconf 80' lang='lat' dir='ltr'><strong>exposuit3</strong></span> 
     </span>
     <span class='ocr_line' id='line_1_26' title="bbox 260 3775 1378 3860; baseline 0.005 -22"><span class='ocrx_word' id='word_1_186' title='bbox 260 3775 457 3858; x_wconf 81' lang='lat' dir='ltr'><strong>argumentis</strong></span> <span class='ocrx_word' id='word_1_187' title='bbox 480 3776 565 3839; x_wconf 91' lang='lat' dir='ltr'><strong>enim</strong></span> <span class='ocrx_word' id='word_1_188' title='bbox 589 3793 705 3858; x_wconf 87' lang='lat' dir='ltr'><strong>magno</strong></span> <span class='ocrx_word' id='word_1_189' title='bbox 726 3775 873 3839; x_wconf 84' lang='lat' dir='ltr'><strong>acumine</strong></span> <span class='ocrx_word' id='word_1_190' title='bbox 892 3795 1071 3860; x_wconf 86' lang='lat' dir='ltr'><strong>magnaque</strong></span> <span class='ocrx_word' id='word_1_191' title='bbox 1091 3775 1233 3841; x_wconf 88' lang='lat' dir='ltr'><strong>doctrina</strong></span> <span class='ocrx_word' id='word_1_192' title='bbox 1255 3778 1378 3844; x_wconf 89' lang='lat' dir='ltr'><strong>collatis</strong></span> 
     </span>
     <span class='ocr_line' id='line_1_27' title="bbox 261 3887 1378 3973; baseline 0.004 -23"><span class='ocrx_word' id='word_1_193' title='bbox 261 3887 489 3951; x_wconf 87' lang='lat' dir='ltr'><strong>demonstravit</strong></span> <span class='ocrx_word' id='word_1_194' title='bbox 521 3889 585 3951; x_wconf 92' lang='lat' dir='ltr'><strong>iam</strong></span> <span class='ocrx_word' id='word_1_195' title='bbox 619 3888 805 3971; x_wconf 86' lang='lat' dir='ltr'><strong>Augustum</strong></span> <span class='ocrx_word' id='word_1_196' title='bbox 841 3888 880 3952; x_wconf 89' lang='lat' dir='ltr'><strong>de</strong></span> <span class='ocrx_word' id='word_1_197' title='bbox 915 3888 989 3953; x_wconf 90' lang='lat' dir='ltr'><strong>sede</strong></span> <span class='ocrx_word' id='word_1_198' title='bbox 1021 3890 1146 3973; x_wconf 92' lang='lat' dir='ltr'><strong>imperii</strong></span> <span class='ocrx_word' id='word_1_199' title='bbox 1176 3888 1312 3955; x_wconf 90' lang='lat' dir='ltr'><strong>Romam</strong></span> <span class='ocrx_word' id='word_1_200' title='bbox 1344 3893 1378 3955; x_wconf 92' lang='lat' dir='ltr'><strong>in</strong></span> 
     </span>
     <span class='ocr_line' id='line_1_28' title="bbox 261 3998 1379 4086; baseline 0.006 -23"><span class='ocrx_word' id='word_1_201' title='bbox 261 3998 433 4083; x_wconf 84' lang='lat' dir='ltr'><strong>Orientem,</strong></span> <span class='ocrx_word' id='word_1_202' title='bbox 467 3998 534 4065; x_wconf 87' lang='lat' dir='ltr'><strong>sive</strong></span> <span class='ocrx_word' id='word_1_203' title='bbox 568 4000 703 4083; x_wconf 81' lang='lat' dir='ltr'><strong>Troiam,</strong></span> <span class='ocrx_word' id='word_1_204' title='bbox 733 4002 801 4065; x_wconf 89' lang='lat' dir='ltr'><strong>sive</strong></span> <span class='ocrx_word' id='word_1_205' title='bbox 831 4002 865 4064; x_wconf 88' lang='lat' dir='ltr'><strong>in</strong></span> <span class='ocrx_word' id='word_1_206' title='bbox 896 4001 989 4066; x_wconf 89' lang='lat' dir='ltr'><strong>aliam</strong></span> <span class='ocrx_word' id='word_1_207' title='bbox 1013 4001 1135 4086; x_wconf 88' lang='lat' dir='ltr'><strong>urbem,</strong></span> <span class='ocrx_word' id='word_1_208' title='bbox 1158 4003 1379 4070; x_wconf 87' lang='lat' dir='ltr'><strong>transferenda</strong></span> 
     </span>
     <span class='ocr_line' id='line_1_29' title="bbox 260 4113 1378 4199; baseline 0.004 -20"><span class='ocrx_word' id='word_1_209' title='bbox 260 4116 425 4198; x_wconf 86' lang='lat' dir='ltr'><strong>cogitasse.</strong></span> <span class='ocrx_word' id='word_1_210' title='bbox 456 4113 553 4179; x_wconf 89' lang='lat' dir='ltr'><strong>Nunc</strong></span> <span class='ocrx_word' id='word_1_211' title='bbox 584 4115 713 4178; x_wconf 91' lang='lat' dir='ltr'><strong>demum</strong></span> <span class='ocrx_word' id='word_1_212' title='bbox 747 4114 825 4199; x_wconf 91' lang='lat' dir='ltr'><strong>quid</strong></span> <span class='ocrx_word' id='word_1_213' title='bbox 849 4114 910 4179; x_wconf 91' lang='lat' dir='ltr'><strong>sibi</strong></span> <span class='ocrx_word' id='word_1_214' title='bbox 931 4115 985 4179; x_wconf 92' lang='lat' dir='ltr'><strong>illa</strong></span> <span class='ocrx_word' id='word_1_215' title='bbox 1010 4115 1145 4180; x_wconf 88' lang='lat' dir='ltr'><strong>Iunonis</strong></span> <span class='ocrx_word' id='word_1_216' title='bbox 1167 4117 1245 4182; x_wconf 87' lang='lat' dir='ltr'><strong>velit</strong></span> <span class='ocrx_word' id='word_1_217' title='bbox 1268 4120 1378 4183; x_wconf 84' lang='lat' dir='ltr'><strong>vatici-</strong></span> 
     </span>
     <span class='ocr_line' id='line_1_30' title="bbox 260 4228 1377 4315; baseline 0.005 -23"><span class='ocrx_word' id='word_1_218' title='bbox 260 4228 347 4292; x_wconf 90' lang='lat' dir='ltr'><strong>natio</strong></span> <span class='ocrx_word' id='word_1_219' title='bbox 382 4228 600 4313; x_wconf 88' lang='lat' dir='ltr'><strong>intelligimus.</strong></span> <span class='ocrx_word' id='word_1_220' title='bbox 635 4228 802 4313; x_wconf 85' lang='lat' dir='ltr'><strong>Simulque</strong></span> <span class='ocrx_word' id='word_1_221' title='bbox 835 4230 886 4292; x_wconf 89' lang='lat' dir='ltr'><strong>vir</strong></span> <span class='ocrx_word' id='word_1_222' title='bbox 917 4231 1064 4315; x_wconf 88' lang='lat' dir='ltr'><strong>egregius</strong></span> <span class='ocrx_word' id='word_1_223' title='bbox 1087 4250 1106 4294; x_wconf 97' lang='lat' dir='ltr'><strong>a</strong></span> <span class='ocrx_word' id='word_1_224' title='bbox 1130 4229 1377 4298; x_wconf 86' lang='lat' dir='ltr'><strong>Wilamowitzio</strong></span> 
     </span>
    </p>
   </div>
   <div class='ocr_carea' id='block_1_11' title="bbox 0 0 1491 5130">
    <p class='ocr_par' dir='ltr' id='par_1_11' title="bbox 0 0 1491 5130">
     <span class='ocr_line' id='line_1_31' title="bbox 0 0 1491 5130; baseline 0 0"><span class='ocrx_word' id='word_1_225' title='bbox 0 0 1491 5130; x_wconf 95' lang='lat' dir='ltr'><strong> </strong></span> 
     </span>
    </p>
   </div>
  </div>
 </body>
</html>
