2954 5130
484 1536 650 1612 CAPUT
681 1536 942 1627 QUARTUM.

201 2080 294 2157 Quod
328 2081 423 2145 modo
455 2080 597 2145 dicebam
629 2079 830 2145 Meierottoni
853 2080 947 2165 quale
968 2079 1065 2145 fuerit
1088 2079 1272 2165 aequalium

155 2197 194 2262 de
217 2195 351 2260 Horatio
374 2195 530 2260 iudicium
551 2196 712 2277 statuenti,
732 2214 927 2278 quamquam
948 2194 1033 2258 haud
1053 2193 1147 2279 longe
1167 2213 1273 2258 avaro

154 2309 273 2375 afuisse
303 2310 475 2391 videretur,
505 2313 612 2373 tamen
643 2328 709 2372 non
731 2309 826 2392 plane
849 2327 900 2373 me
923 2309 1080 2391 assentiri,
1103 2306 1137 2370 id
1161 2307 1272 2373 huius-

152 2423 277 2489 cemodi
299 2428 355 2488 est.
379 2421 532 2487 Consulto
554 2422 593 2486 ab
617 2421 804 2507 aequalibus
826 2421 1082 2508 supparibusque
1101 2421 1272 2486 Horatium

155 2537 284 2622 negligi,
317 2537 357 2601 de
390 2536 550 2600 industria
581 2535 723 2600 eiusdem
755 2536 866 2600 aetatis
897 2536 983 2600 viros
1006 2534 1148 2600 literatos
1172 2535 1211 2600 de
1235 2556 1273 2601 eo

154 2651 246 2716 silere
268 2651 440 2734 contendit,
463 2654 519 2714 aut
542 2651 569 2714 si
592 2651 656 2714 iam
680 2649 773 2714 silere
797 2669 861 2713 non
885 2649 1010 2734 possint
1032 2670 1128 2733 quam
1152 2649 1272 2715 brevis-

156 2766 236 2830 sime
271 2764 401 2847 defungi
436 2783 541 2849 neque
576 2764 751 2848 quidquam
785 2765 907 2827 nomini
938 2765 1007 2828 eius
1039 2764 1154 2830 addere
1185 2766 1272 2851 quod

156 2897 294 2943 amorem
326 2879 607 2943 admirationemve
638 2882 779 2942 testetur.
810 2878 919 2961 Atque
942 2879 987 2942 ita
1008 2896 1043 2943 so
1065 2897 1132 2943 rem
1156 2879 1272 2945 habere

155 3012 261 3078 neque
285 3011 366 3078 nego
390 3011 496 3077 neque
518 2991 659 3072 affirmo;
683 2991 854 3056 admodum
879 2992 964 3056 enim
989 2992 1092 3057 debile
1114 2999 1161 3058 est
1185 2995 1271 3059 istud

157 3107 243 3193 quod
276 3107 393 3171 dieitur
427 3126 444 3172 e
478 3106 604 3171 silentio
636 3109 868 3190 argumentum.
900 3105 940 3170 In
972 3107 1075 3172 medio
1106 3126 1181 3191 ergo
1205 3127 1271 3173 rem

157 3222 398 3306 relinquendam
435 3240 559 3304 censeo,
592 3220 648 3286 sed
678 3222 723 3285 ita
754 3225 799 3304 ut,
830 3220 904 3285 nolo
927 3223 1012 3285 enim
1036 3222 1112 3305 quid
1137 3224 1271 3287 sentiam

156 3338 296 3419 reticere,
330 3354 403 3399 cum
438 3333 646 3400 Meierottone
678 3333 782 3399 iacere
817 3334 917 3399 multo
947 3335 1055 3399 malim
1079 3355 1173 3418 quam
1198 3356 1272 3400 cum

157 3454 283 3514 nostrae
305 3449 416 3514 aetatis
440 3450 519 3513 viris
541 3447 651 3530 doctis,
674 3448 731 3531 qui
753 3449 877 3531 magnis
901 3448 1062 3513 doetrinae
1083 3448 1271 3532 ambagibus
1319 3522 1322 3526 Α

155 3563 324 3628 Horatium
360 3562 449 3628 brevi
484 3567 626 3647 tempore
660 3564 780 3627 civium
816 3582 948 3627 suorum
984 3568 1167 3628 assecutum
1202 3583 1272 3630 esse

155 3678 295 3743 favorem
319 3678 535 3742 demonstrare
559 3678 664 3741 conati
684 3682 768 3742 sunt.
789 3675 908 3740 Mirum
928 3676 1029 3741 videri
1041 3679 1143 3761 possit
1154 3678 1275 3762 multis,

156 3793 211 3858 sed
247 3796 435 3877 argumenta
467 3796 498 3856 et
532 3791 650 3855 indicia
681 3809 764 3874 quae
793 3791 842 3854 illi
873 3790 1070 3875 collegerunt
1093 3812 1270 3877 numquam
1334 3828 1340 3837 ·

156 3907 283 3992 perlego
312 3906 390 3990 quin
415 3904 453 3970 de
477 3904 636 3969 obstinato
659 3904 796 3989 silentio,
818 3909 1011 3990 contemptu,
1036 3907 1107 3970 odio
1131 3909 1274 3992 suspicer

157 4022 286 4106 aliquid.
321 4020 435 4104 Neque
469 4019 597 4085 difficile
627 4024 676 4084 est
706 4021 846 4104 suspicio
870 4019 923 4083 illa
947 4040 1011 4104 quo
1037 4021 1129 4085 modo
1153 4023 1273 4086 oriatur

157 4155 293 4200 narrare.
330 4134 424 4200 Unus
459 4136 544 4199 enim
580 4135 629 4197 vir
663 4133 784 4216 doctus,
815 4133 854 4197 de
884 4134 985 4198 literis
1016 4134 1123 4199 latinis
1147 4138 1273 4221 egregie

157 4252 298 4335 meritus,
317 4255 433 4315 cautus
452 4254 612 4333 praeterea
631 4250 726 4313 homo
739 4253 769 4313 et
780 4250 1029 4333 cneumspectus
1043 4287 1083 4296 -
1097 4249 1269 4316 Martinum
