2954 5130
671 521 713 586 99

259 710 435 780 Fortunata
457 731 528 778 meo
551 712 579 777 si
604 730 668 796 qua
692 729 727 776 es
752 709 908 778 celebrata
931 710 1060 776 libello!

308 824 457 891 Carmina
479 830 574 891 erunt
595 824 716 892 formae
739 829 786 890 tot
809 827 1006 891 monimenta
1024 830 1107 893 tuae.

174 987 227 1054 Sic
260 1008 405 1054 amorum
439 992 550 1072 potitae
584 988 674 1072 loqui
708 988 792 1072 licet,
826 1007 933 1072 neque
967 989 1138 1073 quisquam
1174 1008 1248 1054 eum

129 1106 258 1186 propter
286 1102 347 1166 hoo
371 1102 492 1167 dictum
516 1101 667 1167 derideat.
690 1101 749 1167 Est
773 1102 868 1186 onim,
891 1106 928 1167 ut
950 1103 994 1166 ita
1017 1102 1130 1185 dicam,
1153 1104 1249 1187 aptis-

129 1215 210 1281 sima
245 1215 402 1300 quaedam
433 1219 464 1280 et
486 1216 713 1281 venustissima
737 1217 925 1301 arrogantia,
950 1236 1015 1301 qua
1036 1236 1102 1281 non
1125 1220 1190 1281 tam
1214 1234 1249 1281 se

129 1329 253 1394 extollit
294 1335 388 1414 polita
425 1350 524 1415 quam
558 1332 661 1415 ipsam
694 1333 815 1415 poesin,
849 1330 1063 1415 formosisque
1097 1330 1249 1414 puellulis

128 1442 293 1509 blanditur
315 1445 419 1529 magis
443 1464 540 1530 quam
564 1443 627 1509 sibi
650 1444 787 1528 aliisque
809 1446 910 1528 poetis
934 1445 991 1528 qui
1014 1444 1085 1510 illas
1108 1445 1249 1509 carmine

129 1557 338 1623 celebrarunt.
356 1557 511 1624 Horatius
531 1577 606 1625 vero
619 1577 697 1630 suae
709 1559 797 1623 laudi
808 1559 993 1644 gloriaeque
1004 1563 1249 1623 monumentum

131 1690 203 1737 aere
224 1673 398 1757 perennius
421 1674 567 1757 exegisse
591 1672 654 1738 sibi
679 1673 814 1738 ridetur.
840 1670 928 1736 Cur?
948 1670 1032 1748 Quia
1043 1670 1183 1737 difficilia
1194 1671 1249 1736 illa

130 1783 324 1853 Graecorum
359 1790 461 1851 metra
490 1784 614 1852 Latinis
645 1785 792 1851 uersibus
822 1787 966 1850 imitatus
990 1787 1039 1850 sit.
1063 1784 1139 1850 Sine
1161 1803 1249 1849 more

128 1899 287 1985 modoque
323 1899 530 1966 declamantis
563 1899 653 1966 istud
683 1904 739 1965 est
772 1896 921 1985 Denique
943 1898 1091 1965 versibus
1114 1898 1249 1983 Proper-

128 2016 224 2080 tianis
259 2033 394 2082 acumen
425 2014 585 2099 quoddam
616 2014 715 2079 inest:
742 2033 815 2078 cum
839 2013 904 2079 leni
929 2013 1067 2098 quodam
1091 2013 1160 2077 risu
1184 2016 1249 2079 tam

35 2141 37 2146 '
126 2127 304 2215 magnificis
328 2128 367 2194 de
386 2149 446 2195 sua
465 2133 532 2195 arte
551 2127 698 2193 versibus
717 2129 827 2192 utitur.
848 2126 962 2212 Neque
975 2127 1065 2211 solet,
1077 2130 1114 2191 ut
1126 2127 1248 2210 opinor,

126 2244 155 2309 is
189 2245 246 2330 qui
274 2243 471 2328 lepidissime
501 2243 626 2307 iocatur
655 2241 848 2306 imitandum
872 2223 934 2306 sibi
956 2258 1133 2326 proponere
1154 2238 1247 2303 illum

128 2358 185 2443 qui
218 2359 347 2424 inanem
378 2356 549 2423 verborum
580 2357 749 2442 strepitum
781 2354 915 2420 ediderit
937 2373 1044 2440 neque
1069 2353 1247 2439 quidquam

127 2477 296 2558 praeterea

171 2586 231 2672 IV,
254 2587 283 2665 8,
307 2586 367 2650 17:

258 2724 317 2792 Est
340 2723 459 2810 quibus
481 2721 578 2788 Eleae
602 2722 764 2791 concurrit
786 2721 891 2804 palma
914 2721 1095 2807 quadrigae.

126 2884 311 2971 Propertius
334 2886 386 2971 ait,
409 2890 441 2952 et
462 2885 637 2951 Horatius:

258 3036 342 3103 Sunt
365 3056 446 3122 quos
469 3036 628 3102 curriculo
651 3035 817 3121 pulverem
841 3011 1049 3120 Olympicum

259 3149 430 3236 collegisse
458 3152 558 3215 iuvat

172 3313 242 3398 ,Ab
265 3315 326 3379 hoo
348 3314 403 3380 ille
426 3333 521 3379 suum
546 3311 704 3397 sumpsit''
728 3313 790 3377 viri
814 3312 898 3378 docti
921 3313 1067 3377 clamant.
1091 3313 1145 3376 An
1168 3330 1242 3397 ergo

123 3429 192 3494 ludi
227 3428 385 3514 Olympici
418 3433 484 3494 tam
516 3429 625 3514 ignota
659 3447 710 3493 res
741 3433 817 3493 sunt
851 3432 889 3493 ut
911 3428 975 3493 duo
998 3433 1109 3513 podiae
1131 3447 1243 3495 eorum

124 3546 318 3611 mentionem
344 3540 448 3609 facere
471 3562 536 3607 non
560 3543 683 3627 possint
706 3544 785 3628 quin
809 3544 915 3608 statim
940 3548 1064 3608 constet
1087 3562 1162 3608 eum
1187 3544 1244 3626 qui

123 3664 233 3745 postea
264 3659 426 3743 scripserit
456 3663 534 3723 natu
566 3657 718 3723 maiorem
748 3676 818 3723 esse
848 3657 1032 3722 imitatum?
1055 3656 1100 3721 At
1123 3657 1186 3723 duo
1210 3656 1245 3720 hi

109 3773 186 3838 loci
207 3772 264 3838 ubi
285 3772 357 3837 ludi
380 3769 539 3857 Olympici
561 3771 770 3838 nominantur
787 3772 871 3839 inter
891 3789 925 3836 se
944 3775 1021 3836 sunt
1033 3790 1129 3854 quam
1142 3770 1245 3834 direr-

125 3888 252 3955 sisaimi
286 3886 474 3972 Propertius
504 3887 591 3955 euim
622 3905 641 3951 a
670 3884 854 3951 Maecenate
876 3889 1007 3969 rogatus
1031 3888 1068 3949 ut
1089 3904 1244 3968 magnum

124 4002 255 4088 aliquod
290 4007 323 4067 et
355 4001 562 4087 magnificum
597 4001 777 4066 conscribat
807 4019 944 4085 carmen,
977 3999 1142 4064 heroicum
1166 4004 1244 4084 puto

123 4117 311 4200 lyricumve,
345 4134 399 4180 eas
432 4119 599 4179 enumerat
628 4132 680 4179 res
712 4113 830 4198 quibus
854 4112 939 4198 apud
965 4112 1101 4178 Graecos
1125 4113 1245 4178 summi

123 4252 195 4317 rm,
216 4230 483 4318 praestantissimi
505 4228 652 4312 artifices,
673 4228 819 4293 homines
842 4227 1043 4319 praedivites,
1066 4227 1244 4297 sintdelec-
