2954 5130
714 484 754 547 16

178 686 253 736 nere
275 671 392 754 possit3
416 690 473 756 pro
497 690 561 755 quo
582 669 665 736 facto
688 672 881 756 simulatque
899 673 1035 738 bonores
1048 673 1291 758 praemiumque

177 784 307 869 accepit,
329 782 369 848 ad
392 785 557 868 pristinam
581 791 729 849 naturam
752 785 842 850 redit.
869 784 976 867 ,Idem
1001 792 1032 851 et
1055 786 1133 852 mihi
1156 786 1292 851 accidit''

179 899 271 979 polita
293 896 353 961 ait:

603 1043 779 1130 Paupertas
801 1046 930 1132 impulit
954 1047 1061 1112 audax

288 1157 333 1224 Ut
354 1176 467 1223 versus
488 1158 632 1224 facerem.
656 1158 717 1225 Sed
741 1159 828 1244 quod
850 1179 915 1225 non
939 1160 1021 1226 desit
1043 1159 1208 1226 habentem

290 1269 380 1348 Quae
401 1275 552 1356 poterunt
574 1291 719 1356 unquam
743 1273 821 1339 satis
846 1291 1025 1359 expurgare
1048 1273 1178 1357 cicutae,

290 1383 333 1448 Ni
357 1385 472 1451 melius
495 1384 633 1452 dormire
655 1390 765 1471 putam
790 1405 885 1471 quam
911 1386 1048 1452 scribere
1070 1386 1207 1452 versus?

226 1548 289 1629 „At
323 1544 430 1611 enim''
465 1564 598 1632 quaeras
636 1565 763 1629 ,nonne
797 1565 967 1612 commune
997 1548 1057 1612 hcc
1080 1551 1128 1612 est
1150 1548 1295 1612 omnium

179 1658 346 1724 bominum
381 1657 550 1724 artificium
585 1664 622 1723 ut
649 1659 689 1724 de
718 1678 752 1725 se
780 1678 902 1743 suaque
926 1665 992 1724 arte
1015 1679 1088 1725 cum
1111 1665 1295 1745 contemptu
1391 1703 1393 1707 «

180 1773 363 1858 loquantur,
392 1792 456 1856 quo
489 1773 568 1838 alios
598 1772 639 1836 ad
661 1773 952 1856 contradicendum,
974 1772 1007 1836 id
1032 1774 1141 1839 estad
1164 1773 1295 1839 laudan·

180 1889 257 1953 dum
281 1888 444 1953 alliciant?
467 1887 581 1972 Neque
605 1888 687 1952 illud
709 1888 822 1972 ignoro
844 1906 950 1972 nequo
971 1887 1148 1972 dissimulo,
1167 1888 1223 1954 sed
1233 1889 1293 1953 hoc

180 2003 261 2086 dico,
295 2003 352 2088 qui
381 2002 491 2067 divino
522 2001 660 2086 quodam
686 2001 800 2086 spiritu
823 2000 949 2066 afflatus
972 2001 1012 2067 de
1035 2019 1141 2066 amore
1164 2021 1232 2084 suc,
1254 2001 1293 2066 de

180 2117 313 2182 deornm
335 2121 501 2202 potestate,
524 2115 563 2182 de
584 2117 705 2202 patriae
727 2114 877 2181 laudibus
897 2117 1055 2197 cecinerit,
1077 2135 1243 2200 nunquam
1256 2134 1293 2180 eo

179 2250 249 2298 esse
272 2232 501 2297 descensurum
525 2235 562 2295 ut
583 2231 771 2295 invitum
795 2249 829 2295 se
852 2235 882 2295 et
905 2236 1014 2295 contra
1036 2229 1174 2294 indolem
1200 2249 1291 2294 suam

181 2347 322 2411 carmina
344 2345 457 2412 fecisse
480 2347 661 2427 mentiatur,
683 2343 802 2428 quibus
825 2346 955 2409 honeste
977 2345 1103 2428 inopiae
1126 2343 1292 2410 suaesub-

179 2460 303 2524 veniret
328 2477 498 2542 arcamque
521 2458 674 2542 impleret.
698 2457 865 2522 Eiusmodi
884 2457 1084 2522 mendacium
1098 2475 1172 2521 vero
1184 2461 1293 2540 potitae

86 2585 88 2591 ’
178 2591 220 2637 ne
243 2571 330 2638 ebrio
354 2571 483 2655 quidem
506 2572 540 2635 in
564 2570 754 2636 hilarissimo
780 2571 956 2634 amicorum
979 2570 1126 2634 convivio
1150 2571 1184 2633 in
1205 2588 1292 2634 men-

178 2689 241 2750 tem
273 2685 383 2751 venire
412 2690 523 2770 potest
546 2683 607 2750 Sed
631 2683 792 2769 fingamus
815 2685 878 2747 iam
903 2683 1000 2749 semel
1022 2685 1056 2749 in
1080 2686 1145 2748 vita
1167 2688 1291 2768 pobtam

178 2798 363 2864 incredibile
397 2798 520 2883 aliquid
552 2799 690 2863 iocatum
726 2816 804 2880 esse,
837 2802 944 2862 mmen
979 2798 1039 2861 boc
1069 2803 1201 2881 constat,
1226 2817 1289 2882 quo

179 2914 318 2998 quisque
340 2915 382 2978 sit
404 2913 519 2978 artifex
542 2912 654 2977 melior
677 2930 714 2976 eo
737 2913 846 2976 minus
870 2930 944 2976 eum
968 2912 1007 2976 de
1031 2930 1065 2976 se
1084 2931 1206 2995 suaque
1224 2918 1292 2976 arte

177 3027 268 3112 loqui
286 3028 395 3093 solere.
414 3027 536 3092 Avium
558 3027 679 3092 similes
698 3031 775 3091 sunt
794 3026 862 3091 veri
882 3031 1001 3110 poetae,
1021 3046 1103 3110 quae
1120 3044 1177 3110 per
1196 3026 1292 3091 silvas

180 3145 352 3209 errantium
383 3161 477 3208 aures
509 3143 602 3208 suavi
625 3160 703 3206 voce
725 3141 899 3222 deleniunt,
922 3140 979 3205 sed
1001 3139 1079 3224 quid
1100 3139 1148 3203 illi
1172 3138 1210 3204 de
1233 3157 1291 3203 sno

178 3261 273 3322 cantu
296 3260 445 3322 censeant
466 3273 633 3338 nunquam
657 3255 804 3339 cogitant.
829 3252 901 3318 Hoc
921 3272 995 3319 vero
1015 3252 1066 3317 vel
1086 3253 1216 3316 minime
1236 3271 1292 3317 ex-

179 3370 385 3456 spectandum
416 3375 465 3434 est
491 3369 653 3453 egregium
678 3368 818 3452 aliquem
842 3371 966 3452 potitam
990 3366 1148 3432 eiusmodi
1171 3367 1210 3431 de
1233 3386 1292 3431 sua

179 3489 246 3550 arte
269 3504 405 3551 usurum
428 3483 591 3549 vocabulis
616 3489 652 3548 ut
672 3484 710 3548 de
722 3483 812 3568 gravi
825 3482 1023 3565 molestoque
1036 3481 1172 3564 quodam
1185 3480 1292 3545 labore

178 3617 356 3664 sermonem
390 3616 460 3664 esse
493 3601 594 3682 putes.
637 3595 794 3662 Horatius
826 3600 932 3660 autem
965 3594 1156 3678 frequenter,
1192 3615 1292 3679 quum

178 3715 276 3776 totam
308 3713 378 3778 eius
408 3716 546 3777 mentem
567 3712 603 3775 in
620 3712 690 3795 ipsa
710 3711 798 3794 po‘e'si
818 3713 1004 3793 occupatam
1027 3727 1096 3774 esse
1120 3707 1293 3794 oportebat,

176 3825 331 3909 gloriatur
365 3844 399 3891 se
432 3824 617 3890 difficillimo
653 3842 785 3889 munere
816 3822 950 3888 feliciter
983 3841 1053 3889 esse
1074 3822 1291 3908 perfunctum.

179 3937 243 4016 Qui
264 3938 318 4004 ille
340 3937 428 4005 labor
449 3938 546 4004 fuerit
567 3957 669 4024 rogas.
690 3936 858 4003 Faciamus
880 3937 1009 4001 initium
1032 3935 1071 4001 ab
1093 3937 1193 4001 initio.

445 4089 556 4156 Parios
580 4090 647 4173 (ait)
669 4108 728 4175 ego
751 4089 874 4175 primus
897 4087 1020 4155 iambos

226 4202 359 4271 Ostendi
380 4202 479 4288 latio,
502 4222 648 4269 ...mon
669 4221 721 4268 res
744 4207 775 4268 at
799 4202 923 4287 agema
945 4200 1044 4267 verba
1067 4198 1258 4283 Lycamben.
