2954 5130
709 474 772 539 136

223 665 346 731 Plantis
379 665 438 730 ie.
473 663 651 749 pedibus
681 661 786 729 sidera
814 665 944 748 tangore
974 660 1084 727 ebrius
1107 661 1169 726 sibi
1192 661 1291 728 videri

179 784 282 867 potest
315 779 367 845 vel
399 781 433 844 in
464 779 588 844 somnio
619 796 720 863 aeger,
751 777 808 842 sed
839 779 897 862 qui
927 776 1008 842 elato
1031 781 1080 842 est
1102 777 1221 860 animo,
1243 778 1292 841 cui

178 897 340 981 insperata
362 895 495 978 contigit
508 894 635 984 'laetitia
656 892 805 977 gloriare,
825 893 854 957 is
875 892 1000 957 coelum
1026 896 1156 976 tangere
1179 891 1293 957 dicitur

178 1010 231 1077 vel
260 1009 377 1075 vertice
400 1009 451 1073 vel
474 1006 624 1073 manibus
647 1007 828 1091 digitisque.
852 1005 917 1071 Cur
939 1025 1014 1092 ergo
1037 1011 1198 1073 vetustam
1222 1025 1293 1071 con·

68 1198 71 1204 ,
178 1125 332 1190 iacturam
367 1121 538 1208 palmis,
569 1141 666 1206 quam
699 1120 845 1205 probavit
875 1122 970 1186 etiam
993 1119 1161 1205 Heinsius,
1184 1139 1292 1186 omnes

178 1257 267 1303 nunc
290 1236 426 1303 editores
449 1239 609 1320 spernant,
632 1235 684 1300 vel
708 1255 772 1319 qna
794 1235 917 1300 ratione
939 1234 1103 1319 vulgatam
1124 1233 1293 1300 defendant

179 1371 231 1417 me
264 1370 331 1416 non
360 1350 536 1435 intelligere
565 1349 674 1415 fateor.
703 1348 787 1414 Nam
816 1355 1005 1436 argumenta
1029 1349 1149 1435 quibus
1173 1353 1292 1415 veteres

178 1464 329 1551 philologi
362 1463 533 1530 Heinsium
566 1463 709 1529 refellere
743 1463 805 1529 sibi
840 1463 1031 1529 videbantur
1060 1465 1187 1529 minimi
1219 1467 1292 1529 sunt

179 1580 280 1665 pretii
310 1577 398 1644 Inter
429 1598 510 1664 quos
532 1578 777 1644 Brouclrhusius
800 1578 841 1644 ad
863 1583 1009 1644 nostrum
1032 1578 1140 1644 locum
1164 1599 1292 1646 versum

180 1693 296 1760 Catulli
318 1693 407 1760 affert
429 1691 557 1779 (LXVI,
581 1694 623 1758 69
648 1693 688 1759 de
711 1692 808 1759 Coma
826 1692 1027 1777 Berenices):

267 1856 330 1923 Sed
354 1876 548 1942 quamquam
572 1875 623 1922 me
645 1859 739 1922 nocte
762 1861 914 1941 premunt
937 1857 1071 1942 vestigia
1094 1857 1208 1922 divum

179 2037 211 2099 et
244 2032 348 2097 addit:
387 2032 463 2116 „qui
492 2031 581 2096 locus
611 2030 663 2097 vel
694 2031 782 2096 solus
811 2029 895 2096 tueri
925 2035 1046 2116 poterat
1076 2031 1109 2096 τὸ
1132 2032 1294 2117 plantis

181 2146 267 2232 quod
306 2145 424 2232 legitur
463 2146 498 2209 in
537 2144 686 2210 omnibus
721 2145 924 2229 membranis,
958 2165 1063 2231 noque
1098 2146 1165 2211 ullo
1202 2147 1294 2212 modo

180 2260 332 2329 audiendi
354 2267 431 2326 sunt
454 2262 510 2347 qui
533 2260 685 2346 palmis
707 2258 940 2326 substituunt''

224 2375 391 2461 Scioppius
423 2374 458 2439 in
488 2374 622 2459 Priapea
652 2394 681 2458 p.
707 2374 765 2437 93:
800 2372 904 2456 „illud
925 2374 1087 2458 plantis
1111 2376 1294 2460 contingere

180 2490 284 2555 sidera
317 2487 425 2574 lipsio
455 2494 486 2555 et
516 2487 675 2574 Scaligoro
705 2485 795 2552 latio
826 2487 1080 2554 interdicendum
1105 2489 1242 2573 videtur,
1264 2495 1295 2554 at

180 2623 238 2688 ego
267 2602 429 2668 Tribunus
459 2602 620 2668 intercedo
650 2606 681 2667 et
704 2603 769 2666 vim
792 2600 861 2666 lieri
883 2606 965 2666 veto.
987 2601 1126 2668 Felicem
1150 2622 1185 2668 se
1207 2623 1294 2688 prae

181 2718 265 2783 dicat
294 2717 479 2802 Propertius
514 2717 606 2808 qnod
634 2715 772 2799 Cynthia
803 2717 922 2801 potitus
953 2717 1003 2800 sit,
1034 2737 1063 2801 q.
1076 2716 1104 2780 d.
1129 2718 1193 2782 iam
1217 2718 1294 2783 dens

179 2832 260 2897 mihi
292 2832 396 2896 factus
425 2831 536 2897 videor
565 2835 597 2896 et
623 2832 659 2894 in
682 2831 806 2896 coelum
830 2831 959 2915 relatus,
982 2830 1048 2917 ubi,
1072 2833 1117 2896 ait
1141 2830 1294 2917 Catullus,

179 2951 272 3012 nocte
294 2949 444 3031 premunt
462 2945 569 3011 stellas
589 2947 723 3032 vestigia
743 2945 863 3010 divum.
875 2944 999 3011 Plantis
1011 2947 1168 3031 contingit
1178 2952 1292 3013 terram

180 3060 237 3145 qui
259 3057 429 3125 ambulat'’

223 3171 441 3240 Ritterhusius
465 3174 505 3238 ad
529 3172 685 3239 Guntheri
707 3193 837 3240 versum

357 3336 470 3402 Ardm
493 3336 652 3403 sidereum
674 3337 821 3422 pulsabat
844 3338 962 3403 vertice
985 3338 1109 3404 coelum

181 3512 271 3579 affert
299 3512 528 3579 Horatianum:
560 3512 695 3577 Sublimi
726 3512 837 3579 feriam
862 3513 965 3579 sidera
988 3516 1116 3598 vertice,
1139 3515 1294 3582 Ausonii:

180 3626 278 3692 Illum
301 3647 359 3712 ego
383 3629 411 3693 si
433 3645 559 3692 cernam
579 3631 648 3692 tum
672 3632 799 3712 tangam
823 3630 941 3704 uertice
963 3629 1096 3712 coelum,
1115 3628 1295 3712 Symmach.

181 3741 208 3829 Ι,
239 3742 298 3806 46;
334 3740 442 3827 Digito
474 3762 590 3828 supera
620 3761 773 3827 convexa,
804 3744 889 3828 quod
912 3745 1012 3828 aiunt,
1034 3748 1173 3829 tangere.
1197 3745 1296 3813 Putes

182 3857 288 3922 virum
319 3857 447 3922 doctum
474 3855 601 3922 Heinsii
624 3876 752 3922 causam
777 3856 961 3940 defendere;
984 3859 1062 3923 haec
1082 3858 1169 3924 enim
1192 3859 1295 3924 addit:

185 3969 317 4053 „Graeci
341 3989 470 4055 quoque
493 3971 545 4035 usi
568 3975 645 4035 sunt
666 3971 727 4035 hoc
749 3972 933 4056 proverbio:
958 3972 1116 4036 Aristaen.
1138 3971 1166 4056 I,
1188 3973 1296 4058 lo,1:

182 4082 233 4149 καὶ
256 4083 289 4149 τὸ
312 4081 467 4163 λεγόμενον
491 4082 526 4157 δὴ
546 4087 630 4149 τοῦτο
653 4082 741 4149 ἐδόκει
764 4093 801 4167 τῇ
826 4090 946 4168 κεφαλῇ
969 4083 1074 4167 ψαύειν
1097 4091 1149 4152 τοῦ
1170 4087 1295 4171 οὐρανοῦ.

182 4200 367 4286 Propertius
391 4219 520 4285 quoque
543 4200 620 4265 dicit
639 4201 679 4266 ad
699 4199 832 4266 eandem
844 4201 974 4267 faciem:
989 4181 1299 4289 contragensium
