2954 5130
468 1527 631 1605 OAPUT
657 1527 941 1605 SECUNDUM.

186 2069 395 2136 Horatianam
417 2070 528 2154 poesin
560 2069 617 2153 qui
638 2074 722 2134 recte
744 2071 911 2136 aestimare
933 2071 1049 2154 cupiat,
1078 2069 1112 2133 id
1135 2069 1260 2154 estqui

136 2185 214 2250 ,cius
236 2203 302 2249 non
324 2183 463 2248 fucatam
487 2187 740 2266 exornatamque
763 2182 825 2248 sibi
844 2182 980 2248 formare
991 2180 1069 2247 velit
1079 2183 1260 2267 imaginem,

144 2298 201 2364 sed
223 2317 329 2364 veram
353 2303 501 2362 naturam
525 2297 730 2380 indolemque
753 2315 944 2381 cognoscere
968 2301 1000 2361 et
1022 2297 1208 2380 perspicere,
1219 2295 1259 2360 ad

145 2430 240 2495 quem
279 2430 313 2476 se
346 2410 400 2476 ille
433 2413 523 2495 prius
558 2415 721 2476 convertet
764 2430 859 2494 quam
895 2408 934 2474 ad
969 2411 1076 2494 ipsum
1112 2409 1259 2495 politam?

144 2523 314 2589 Horatium
346 2543 421 2609 ergo
443 2525 676 2609 interrogemus
698 2522 777 2607 quid
800 2523 839 2589 de
863 2543 921 2588 sua
944 2528 1010 2587 arte
1033 2523 1102 2607 ipsc
1124 2527 1261 2606 censeat,

144 2638 195 2703 vel
216 2639 323 2723 potius
343 2637 382 2702 ab
403 2657 440 2703 eo
460 2643 606 2722 petamus
627 2643 664 2702 ut
681 2636 774 2702 nobis
794 2642 931 2722 exponat
951 2656 1015 2721 quo
1036 2636 1129 2703 modo
1148 2637 1259 2723 poesin

145 2771 251 2817 amare
282 2753 428 2836 coeperit,
461 2750 579 2835 quibus
610 2750 733 2817 artibus
763 2751 927 2836 ingenium
956 2770 1052 2816 suum
1076 2749 1262 2836 excoluerit,

147 2884 242 2949 quem
269 2865 331 2931 sibi
354 2865 451 2930 finem
476 2865 603 2948 quodve
625 2864 789 2949 fastigium
812 2866 1021 2949 proposuerit,
1044 2884 1108 2949 quo
1131 2865 1262 2930 intentis

145 2979 294 3044 omnibus
335 2978 459 3043 viribus
497 2979 679 3062 mentisque
711 2976 917 3044 facultatibus
950 2983 1034 3044 esset
1068 2979 1261 3044 enitendum.

144 3090 359 3177 Respondebit
382 3098 488 3156 autem
514 3091 595 3154 nihil
618 3089 832 3176 magnificum,
854 3091 935 3155 nihil
956 3092 1043 3175 quod
1055 3092 1263 3158 admiratione

145 3226 205 3272 nos
234 3207 373 3292 impleat,
394 3206 474 3271 nihil
499 3205 637 3290 denique
661 3225 724 3290 quo
747 3206 792 3270 ita
815 3225 1074 3271 commoveamur
1096 3210 1133 3271 ut
1155 3206 1260 3273 stetim

146 3340 206 3385 nos
229 3320 369 3406 colloqui
393 3323 567 3386 sentiamus
591 3340 664 3386 cum
688 3324 789 3404 po'o‘ta,
811 3321 832 3385 i.
845 3338 870 3385 e.
891 3340 964 3385 oum
978 3318 1145 3386 Musarum
1159 3321 1261 3386 amico

147 3440 179 3500 et
201 3437 371 3519 sacerdote,
394 3455 491 3520 quem
514 3435 591 3500 deae
613 3437 701 3520 ipsae
723 3437 758 3499 in
782 3454 924 3500 summas
944 3435 1023 3501 coeli
1036 3436 1264 3521 plagasaustu·

146 3549 250 3631 lerint,
283 3550 341 3616 ubi
372 3569 410 3615 ea
440 3550 600 3634 aspexerit
622 3549 823 3632 audieritque
846 3549 965 3633 quibus
988 3550 1096 3615 relatis
1119 3550 1187 3613 vita
1208 3549 1264 3613 ho·

146 3666 269 3729 minum
294 3665 447 3729 illustrari
471 3665 686 3746 exornarique
709 3668 822 3748 posset.
845 3661 884 3726 In
907 3668 1045 3728 mentem
1065 3664 1150 3727 enim
1170 3661 1264 3728 nobis

146 3777 308 3843 revocabit
350 3779 488 3843 iocosam
532 3778 571 3842 de
604 3776 737 3862 Pompei
773 3777 872 3842 milite
906 3778 1118 3843 narrationem
1153 3778 1264 3865 (Epist.

146 3890 189 3974 ΙΙ,
220 3893 250 3974 2,
282 3893 434 3975 26—40),
464 3894 521 3976 qui
551 3911 653 3976 quum
685 3897 778 3956 antea
807 3893 892 3956 iners
918 3893 1120 3977 ignarusque
1141 3893 1264 3980 fuisset,

19 4039 23 4044 ·
148 4007 265 4070 amissa
294 4007 440 4090 pecunia,
468 4025 564 4090 quam
588 4005 690 4070 multo
713 4004 822 4070 labore
844 4005 1021 4090 collegerat¹
1043 4012 1130 4073 tanto
1152 4008 1263 4074 ardore

149 4118 257 4183 damni
293 4119 521 4203 compensaudi
553 4124 707 4204 tantoque
738 4118 846 4185 furore
869 4124 900 4184 et
922 4120 971 4184 ira
991 4120 1142 4207 impletur
1161 4127 1262 4188 utne

150 4231 370 4299 firmissimum
394 4232 524 4317 quidem
546 4233 687 4299 hostium
706 4233 901 4319 praesidium
920 4235 1075 4321 impetum
1086 4237 1156 4303 eiua
1167 4238 1263 4303 ansti-
