2954 5130
704 501 767 566 156

176 688 241 753 tius
273 691 329 753 aut
351 708 473 773 parum.
497 688 653 773 Alioquin
677 690 763 754 enim
786 707 926 774 servum,
952 707 1048 774 quem
1073 708 1203 774 oporam
1227 688 1300 754 dare

177 800 267 866 iubet
297 805 334 866 ut
363 803 557 885 convivium,
586 803 671 887 quod
694 808 823 887 propter
844 802 968 868 felicem
994 801 1138 868 Caesaris
1161 802 1299 868 reditum

177 915 395 981 celebraturus
419 921 475 1000 est,
500 936 598 1001 quam
620 917 913 1002 splendidissimum
936 918 978 982 sit
997 917 1301 1002 hilarissimumque,

178 1029 299 1114 alloqui
322 1031 368 1094 sic
391 1049 456 1094 non
479 1032 636 1115 potuisset
659 1030 732 1116 (III,
758 1032 809 1115 14,
833 1032 874 1094 21
901 1033 999 1117 sqq.):

422 1191 482 1258 Dic
505 1199 536 1258 et
558 1198 689 1279 argutae
712 1199 859 1279 properet
881 1193 1022 1259 Neaerae

424 1307 589 1373 Murreum
614 1308 696 1372 nodo
720 1307 888 1373 cohibente
910 1309 1048 1389 crinem3

425 1420 459 1486 Si
482 1441 538 1506 per
559 1423 702 1487 invisum
726 1442 814 1486 mora
836 1423 1005 1487 ianitorem

470 1535 548 1618 Flet,
572 1535 667 1600 abito.

226 1707 298 1774 Hoc
332 1714 389 1792 est,
419 1709 454 1773 ni
483 1709 591 1774 fallor:
620 1709 713 1792 ,Huc
736 1715 768 1774 et
790 1709 945 1775 Neaeram
969 1710 1202 1795 lepidissimam
1225 1728 1303 1774 roca

183 1821 334 1906 puellam,
363 1821 419 1887 sed
443 1823 471 1887 si
495 1823 604 1888 venire
628 1828 683 1888 aut
707 1843 771 1887 non
796 1823 866 1888 vult
888 1828 944 1889 aut
967 1843 1033 1888 non
1057 1824 1163 1906 audet,
1186 1823 1305 1888 instare

184 1936 259 2000 noli.
282 1935 366 2000 Nam
389 1937 536 2020 equidem
562 1941 672 2002 utrum
691 1938 746 2001 illa
765 1937 848 2003 adsit
867 1957 908 2001 an
927 1957 992 2002 non
1014 1936 1108 2022 plane
1120 1956 1186 2001 non
1199 1935 1304 2001 curo.”

185 2049 270 2128 Quid
293 2069 367 2136 ergo
391 2053 584 2117 mentionem
608 2053 678 2117 eius
700 2053 816 2136 iniicis,
839 2052 955 2137 poeta?
978 2051 1093 2117 Tacere
1114 2051 1153 2117 dc
1174 2070 1212 2116 ea
1225 2070 1305 2136 quae

185 2170 249 2232 tam
280 2185 395 2250 parum
427 2164 485 2230 tibi
511 2166 600 2230 cordi
629 2168 672 2231 sit
694 2167 796 2231 satius
818 2166 888 2231 fnit.
912 2165 997 2244 Quid
1020 2166 1106 2231 enim
1131 2185 1203 2249 nos,
1226 2185 1305 2251 quos

111 2329 113 2333 «
185 2279 225 2344 ad
260 2279 371 2364 epulas
401 2283 474 2344 tuas
503 2281 630 2364 invitas,
660 2281 834 2365 pristinum
857 2286 951 2346 tuum
975 2280 1121 2345 ardorem
1145 2299 1306 2363 curamus,

185 2395 214 2469 si
248 2412 336 2458 nunc
370 2397 435 2457 tam
470 2392 577 2458 lentus
612 2393 670 2458 es?
704 2393 749 2458 At
779 2393 909 2458 deerant
938 2394 1072 2458 carmini
1105 2393 1189 2459 duae
1212 2394 1305 2459 otiam

187 2508 345 2593 strophae,
374 2507 448 2572 illae
471 2525 545 2593 ergo
568 2507 676 2574 verbis
699 2526 716 2573 e
738 2526 773 2573 re
795 2509 947 2573 amatoria
970 2507 1107 2592 sumptis
1130 2513 1307 2593 utcumque

187 2626 278 2686 erant
300 2615 576 2686 consarcinandae.
599 2621 709 2706 Atque
730 2621 785 2685 illa
805 2642 906 2707 quum
926 2620 1084 2687 scribebat
1102 2622 1307 2707 quadragesi·

188 2755 276 2801 mum
300 2736 411 2801 aetatis
435 2755 555 2799 annum
582 2734 695 2820 agebat
721 2735 885 2802 Horatius.

232 2850 276 2914 At
309 2854 410 2932 antea,
444 2849 573 2933 dixeris,
597 2849 730 2914 amabat
755 2848 865 2932 Credo,
885 2849 941 2914 sed
965 2851 1100 2914 nonita
1122 2854 1161 2914 ut
1183 2854 1308 2935 politam

190 2965 345 3029 arcticum
381 2963 478 3028 decet
512 2963 641 3028 Exilem
677 2964 761 3029 enim
796 2965 826 3029 ei
860 2983 949 3028 amor
979 2964 1129 3028 cantandi
1161 2963 1309 3048 praebuit

190 3078 363 3142 materiem.
393 3076 552 3161 Propertii
577 3082 609 3143 ct
631 3075 787 3160 Cynthiae
810 3095 934 3142 amores
959 3096 1055 3161 quam
1079 3076 1169 3160 pleni
1190 3076 1309 3143 fuerint

190 3192 451 3256 vicissitudinum
484 3191 633 3274 vidimus,
664 3209 799 3276 eamque
829 3190 869 3256 cb
893 3210 1022 3256 causam
1046 3190 1136 3276 digni
1159 3196 1252 3256 orant
1273 3191 1309 3256 de

192 3305 310 3392 quibus
340 3309 433 3391 poeta
456 3310 590 3370 caneret.
614 3306 658 3369 At
680 3305 834 3370 Horatius
856 3305 891 3368 in
916 3322 1023 3369 amore
1047 3322 1174 3388 semper
1197 3304 1309 3370 infelix

190 3419 291 3485 fuisse
321 3420 456 3484 videtur.
480 3419 674 3504 Plerumque
698 3420 783 3484 enim
807 3418 846 3484 de
871 3420 940 3484 suis
962 3416 1092 3503 ignibus
1115 3437 1181 3482 non
1207 3421 1311 3484 cantat

193 3534 249 3601 sed
271 3535 472 3599 lamentatur.

236 3649 262 3733 I,
285 3650 338 3712 23.
360 3646 456 3712 Chloe
478 3651 603 3732 politam
625 3646 709 3730 fugit
731 3647 876 3730 vitatque
898 3644 1051 3709 hinnuleo
1075 3644 1200 3710 similis.

237 3763 295 3848 IH,
326 3764 376 3827 10.
411 3762 581 3826 Porrectus
600 3763 695 3825 'iacet
725 3765 798 3825 ante
828 3758 931 3841 Lycas
960 3760 1092 3822 ianuam
1122 3763 1236 3843 pocta
1259 3759 1311 3824 illa

193 3883 299 3943 tamen
333 3896 443 3962 preces
477 3877 547 3941 eius
581 3879 776 3960 aspamatur,
811 3875 960 3958 quamvis
993 3874 1139 3956 mugiant
1169 3875 1258 3940 venti
1282 3878 1311 3940 et

193 3995 274 4074 (rara
295 3993 330 4056 in
352 3990 445 4057 Italia
467 3992 530 4072 res)
553 3990 654 4075 glacie
678 3989 785 4053 omnia
809 3990 875 4053 sint
898 3987 1056 4052 adstricta
1075 3986 1121 4052 At
1141 3987 1310 4054 aliisillam

193 4126 263 4172 esse
297 4111 361 4171 tam
397 4105 510 4169 duram
545 4109 675 4188 tamque
705 4102 865 4167 crudelem
899 4103 978 4166 viris
1001 4103 1060 4165 vix
1083 4106 1132 4167 est
1154 4102 1310 4169 credibile.

194 4220 304 4306 Nupta
333 4221 419 4285 enim
446 4223 494 4283 est
517 4219 629 4282 marito
653 4236 718 4281 non
740 4235 849 4282 severo
874 4235 916 4281 ex
938 4216 1070 4300 antiqua
1092 4213 1308 4282 Romanorum
