2954 5130
704 517 766 580 172

178 701 258 765 sisse
290 700 458 765 rideantur
492 701 679 784 metuentbs,
712 701 942 766 absurdissima
972 721 1121 787 quaeque
1152 705 1216 787 ipsi
1238 722 1291 767 er·

178 814 331 898 cogitent:
355 815 400 877 ita
422 832 535 878 versus
558 819 736 879 nascuntur
755 835 836 899 quos
856 834 949 879 nemo
968 817 1083 900 legere,
1103 815 1202 881 verba
1213 835 1292 900 quae

178 945 271 990 nemo
293 927 467 1011 intelligere
490 929 599 1011 possit,
623 929 776 1012 strophae
794 929 933 1013 denique
956 935 988 994 et
1011 931 1164 1014 carmina,
1185 949 1202 994 e
1224 931 1292 1014 qui·

178 1038 239 1104 bns
264 1044 300 1103 ut
330 1040 430 1104 ullum
460 1042 569 1106 saltem
594 1042 753 1106 extundas
777 1062 906 1107 sensum
929 1045 1119 1127 gravissime
1142 1063 1224 1127 opus
1247 1048 1293 1108 est

179 1155 294 1218 mentis
326 1155 510 1218 intentione.
543 1154 595 1217 Illi
626 1174 715 1218 nunc
749 1157 904 1240 exemplis
939 1177 958 1220 a
994 1156 1159 1241 Zingerleo
1191 1156 1292 1221 allatis

179 1267 300 1331 discere
334 1272 469 1352 possunt
504 1288 599 1352 quam
635 1288 738 1332 vanus
772 1270 965 1353 ineptusque
999 1271 1060 1333 iste
1094 1274 1201 1334 metus
1237 1271 1292 1334 sit:

179 1399 291 1445 verum
315 1382 400 1445 enim
424 1386 549 1465 poetam
566 1382 730 1446 tralaticiis
751 1382 867 1466 vorbis,
886 1382 1031 1467 pedibus,
1043 1382 1192 1447 versibus
1207 1383 1294 1446 deni·

180 1513 243 1578 que
272 1514 356 1558 nove
386 1514 511 1579 semper
541 1501 571 1560 et
601 1496 745 1559 inaudita
776 1501 867 1560 antea
897 1496 1038 1580 proferre
1061 1515 1163 1580 posse.
1187 1497 1294 1581 Atque

179 1610 332 1674 hactenus
357 1610 486 1695 quidem
511 1612 675 1675 verissima
699 1612 777 1674 mihi
801 1611 927 1676 videtur
952 1611 1109 1695 Zingerlei
1129 1613 1294 1676 sententia

180 1722 251 1787 Hoc
274 1742 403 1807 qnoque
430 1723 713 1807 prudentissimum
739 1725 825 1808 quod
849 1744 890 1789 ex
914 1723 1028 1788 Ovidio
1052 1725 1102 1805 (de
1126 1725 1187 1788 hoc
1211 1725 1294 1788 enim

180 1843 244 1902 tres
279 1839 403 1920 scripsit
437 1836 607 1902 fasciculos
638 1839 801 1902 communi
830 1839 941 1902 titulo:
975 1837 1110 1902 Ovidius
1134 1838 1203 1902 und
1229 1839 1294 1902 sein

180 1951 381 2015 Verbtltniss
406 1971 447 2014 zu
471 1951 531 2014 den
555 1950 765 2035 Vorgtngern
790 1950 972 2015 lnnsbruclr
993 1951 1295 2034 1869-71)p0tis-

181 2065 298 2128 simum
333 2064 494 2148 exempla
514 2063 639 2148 collegit
674 2065 715 2128 ed
751 2064 1032 2129 demonstrandum
1069 2084 1167 2148 quam
1204 2083 1295 2148 saepe

181 2178 289 2243 eadem
320 2178 405 2262 apud
433 2179 550 2242 multos
573 2184 769 2243 recurrerent
792 2184 908 2262 poetas.
932 2177 1025 2253 Quod
1047 2198 1123 2243 vero
1147 2183 1294 2263 sponte

181 2295 212 2355 et
247 2291 293 2355 de
325 2291 543 2355 industria
578 2290 728 2355 Ovidium
759 2292 861 2355 multa
891 2291 930 2356 ab
962 2291 1095 2355 Horatio
1119 2291 1294 2375 sumpsisse

180 2405 358 2469 carminum
394 2424 525 2469 suorum
560 2410 746 2469 ornamenta
776 2407 895 2488 statuit,
925 2404 959 2469 id
982 2405 1069 2486 mihi,
1094 2405 1243 2488 quamvis
1265 2408 1295 2468 et

181 2538 269 2583 nuno
301 2519 446 2604 plerique
479 2520 540 2582 viri
573 2518 658 2582 docti
692 2518 856 2603 Zingerleo
887 2519 1109 2600 assentiantur,
1142 2521 1174 2582 et
1196 2516 1293 2581 multo

182 2637 256 2697 ante
277 2652 351 2698 eum
375 2635 439 2697 iem
463 2633 555 2697 multi
577 2633 667 2696 nullo
691 2632 784 2696 allato
807 2636 994 2717 argumento
1012 2632 1098 2695 idem
1119 2630 1294 2695 affirmare

181 2749 255 2830 rint,
289 2749 420 2812 minime
454 2746 613 2831 probatur.
644 2747 780 2812 Prorsus
812 2749 898 2812 enim
921 2745 1118 2810 incredibilis
1141 2764 1194 2810 res
1219 2744 1294 2809 mibi

182 2860 318 2944 videtur,
339 2867 371 2926 et
393 2880 450 2925 cur
468 2862 616 2926 videatur
635 2881 712 2925 mox
731 2861 918 2927 brevissime
938 2862 1058 2942 dicam;
1071 2881 1160 2925 nunc
1171 2866 1294 2926 tantum

183 2973 340 3059 Zingerlei
372 2980 557 3060 argumenta
584 2979 730 3039 accurate
752 2974 930 3040 recensebo.
954 2973 995 3038 Et
1016 2993 1058 3038 ne
1080 2974 1133 3038 hic
1158 2974 1294 3057 quidem,

184 3088 332 3171 quamvis
365 3088 443 3151 mihi
473 3093 558 3152 certa
588 3092 648 3153 stet
671 3090 836 3171 sententia,
860 3087 1017 3152 obstinate
1039 3092 1071 3152 et
1093 3088 1295 3171 pertinaciter

182 3202 213 3266 ei
247 3200 377 3285 obloqui
406 3221 554 3284 possum:
586 3221 696 3266 vereor
725 3203 810 3266 enim
837 3221 879 3267 ne
910 3202 1019 3267 multis
1050 3201 1241 3286 ambagibus
1262 3200 1294 3264 id

183 3313 398 3378 demonstrare
417 3313 526 3378 videar
544 3315 631 3398 quod
651 3314 816 3399 Zingerleo
835 3315 1023 3380 iamdudum
1043 3317 1085 3379 sit
1096 3334 1293 3398 persuasum.

182 3426 330 3512 Namque
353 3432 400 3492 est
425 3427 479 3491 ille
501 3448 566 3491 non
591 3430 695 3493 solum
719 3429 921 3494 doctissimus
945 3431 1218 3513 acutissimusque
1241 3428 1294 3494 sed

183 3546 215 3606 et
237 3542 505 3625 prudentissimus
537 3544 822 3627 acutissimusque3
847 3562 940 3627 saepe
963 3563 1037 3628 ergo
1061 3545 1233 3630 propositis
1256 3562 1294 3608 ex

184 3653 298 3719 Ovidio
333 3655 454 3739 aliquot
487 3656 680 3721 Horatianae
710 3659 895 3721 imitationis
927 3657 1082 3741 exemplis
1106 3658 1293 3722 sententiam

183 3789 273 3834 suam
299 3774 446 3834 retractet
468 3774 498 3835 et
523 3770 615 3835 facile
637 3770 707 3835 fieri
730 3773 872 3854 potuisse
894 3771 1040 3835 concedit
1062 3775 1099 3835 nt
1123 3775 1259 3855 uterque
1278 3789 1294 3835 e

183 3885 346 3947 communi
388 3883 526 3967 quodam
568 3884 708 3948 omnium
753 3889 917 3967 poetarum
957 3883 1176 3949 Romanorum
1210 3884 1293 3949 fonte

182 3998 331 4078 hauriret,
355 3998 482 4080 saepius
505 3996 599 4060 etiam
623 3998 663 4061 iis
688 3998 789 4061 utitur
812 3996 985 4074 vocabulis,
1010 3997 1129 4081 quibus
1150 4018 1219 4064 rem
1243 3998 1292 4062 ad·

183 4111 312 4174 modum
348 4109 410 4174 sibi
439 4112 592 4174 incertam
616 4111 717 4175 videri
740 4117 846 4195 aperte
866 4111 1031 4196 significet
1055 4111 1107 4177 Sic
1129 4131 1205 4197 ergo
1227 4131 1290 4176 rem

183 4243 285 4289 meam
305 4244 414 4309 agam:
435 4225 542 4288 omnia
561 4226 703 4288 omittam
723 4244 805 4308 quae
824 4226 892 4308 ipse
905 4225 1092 4310 Zingerleus
1104 4243 1289 4312 permagnae
