2954 5130
675 513 718 578 89

136 698 222 783 fatio,
245 718 328 784 quae
351 700 406 764 diu
431 703 504 783 post
527 697 696 764 Horatium
721 699 838 783 scripta
862 702 918 781 est,
941 699 974 762 in
996 699 1252 765 censumuenire

136 818 251 898 posset.
285 812 401 897 Neque
430 814 610 898 argumenti
640 815 705 878 vim
738 812 856 878 habent
884 812 1058 895 Iuvenalis,
1091 813 1148 896 qui
1177 812 1251 896 plus

137 927 370 1012 quinquaginta
401 928 494 992 annis
525 932 596 1011 post
627 927 753 992 Horatii
781 931 914 991 mortem
939 930 1035 991 natus
1059 930 1115 1018 est,
1138 944 1252 992 versus

134 1040 208 1123 VH,
232 1042 297 1104 225
321 1060 398 1125 sqq,
420 1040 478 1105 ubi
500 1041 534 1104 in
556 1041 634 1105 ludo
657 1041 796 1106 literario
820 1040 931 1104 adesse
953 1040 1105 1104 dicuntur
1126 1038 1252 1105 Horatii

135 1154 329 1238 virgiliique
351 1154 475 1219 codices
497 1156 548 1219 vel
571 1156 734 1240 imagines.

180 1267 297 1333 Contra
329 1269 415 1353 apud
445 1267 598 1334 Senecam
631 1270 800 1352 rhetorem,
832 1268 957 1332 Horatii
988 1268 1054 1333 fere
1077 1268 1253 1352 aequalem,

134 1381 209 1446 licet
242 1381 416 1466 permultos
452 1383 595 1446 nominet
627 1387 746 1467 poetas,
780 1401 944 1466 nusquam
978 1381 1104 1446 Horatii
1135 1400 1251 1447 nomen

135 1496 282 1560 occurrit

178 1607 331 1673 Fautores
355 1628 432 1674 suos
454 1610 524 1693 ipse
545 1608 700 1674 Horatius
724 1613 889 1674 enumerat
912 1607 975 1674 Sat
998 1608 1024 1692 Ι,
1049 1608 1100 1693 10,
1119 1608 1159 1672 81
1182 1628 1251 1693 sqq.

134 1722 173 1786 In
210 1722 328 1807 quibus
360 1725 528 1808 primarios
563 1722 707 1788 obtinent
741 1723 830 1788 locos
864 1724 1044 1808 Augustus,
1075 1721 1252 1806 Maecenas,

134 1837 269 1901 Asinius
297 1835 409 1901 Pollio.
431 1836 483 1900 Ab
507 1835 573 1901 illis
595 1856 669 1922 ergo
692 1836 863 1901 Horatium
886 1837 1071 1920 lectitatum,
1092 1836 1158 1900 illis
1180 1854 1253 1920 pro-

135 1948 244 2014 batum
277 1969 347 2015 esse
370 1954 557 2015 testatur...
578 1951 676 2034 quis?
698 1949 772 2035 Ipse
794 1949 958 2015 Horatius.
980 1948 1070 2014 Ubi?
1093 1949 1132 2012 In
1156 1949 1253 2014 satira

133 2062 208 2126 libri
240 2064 344 2147 primi,
379 2082 454 2148 ergo
490 2083 590 2148 quum
628 2063 785 2128 nihildum
817 2064 911 2146 lyrici
940 2064 1067 2147 generis
1089 2064 1123 2126 in
1147 2062 1251 2127 lucem

134 2175 282 2241 ediderat.
307 2175 368 2241 Sed
392 2177 431 2241 de
454 2177 603 2260 Augusto
627 2181 658 2241 et
681 2177 768 2241 aliud
791 2182 839 2242 est
862 2178 1099 2242 testimonium:
1125 2177 1252 2240 notissi-

135 2311 223 2354 mum
246 2290 327 2355 illud
350 2289 504 2373 Suetonii,
527 2291 621 2355 cuius
644 2291 722 2355 haec
745 2296 822 2355 sunt
842 2289 954 2354 verba:
979 2288 1075 2372 „Post
1088 2308 1252 2354 sermones

133 2423 210 2469 vero
234 2404 389 2488 quosdam
413 2402 474 2468 sibi
495 2405 594 2469 lectos
617 2403 739 2468 nullam
764 2405 815 2468 sui
839 2405 1032 2468 mentionem
1053 2403 1194 2467 habitam
1206 2404 1250 2467 ita

134 2523 183 2582 est
217 2521 369 2601 questus:
405 2518 501 2581 irasci
535 2536 588 2582 me
619 2515 678 2580 tibi
713 2518 801 2600 scito,
835 2516 922 2600 quod
944 2536 1010 2580 non
1033 2519 1068 2580 in
1091 2516 1252 2602 plerisque

134 2630 291 2696 eiusmodi
325 2631 450 2715 scriptis
484 2649 610 2695 mecum
646 2631 849 2715 potissimum
880 2630 1038 2714 loquaris3
1064 2650 1104 2694 an
1131 2631 1251 2696 vereris

134 2765 174 2810 ne
208 2744 293 2830 apud
327 2750 470 2829 posteros
505 2743 624 2808 infame
655 2743 713 2808 tibi
746 2745 788 2808 sit
818 2744 904 2828 quod
928 2744 1065 2810 videaris
1087 2744 1252 2811 familiaris

134 2859 226 2924 nobis
256 2857 356 2924 esse.''
388 2857 427 2922 In
459 2857 578 2942 quibus
610 2857 838 2942 negligendum
862 2859 993 2923 minime
1016 2859 1143 2923 videtur
1165 2860 1252 2925 istud

133 2978 229 3059 post
250 2990 484 3039 sermones:
509 2973 642 3054 lyricam
665 2991 740 3057 ergo
763 2972 889 3037 Horatii
911 2975 1032 3057 poesin,
1054 2974 1089 3037 in
1109 2994 1173 3058 qua
1185 2975 1253 3038 sola

134 3088 288 3152 hactenus
323 3105 393 3150 mea
428 3091 555 3151 versata
588 3091 636 3150 est
669 3086 852 3170 disputatio,
881 3088 1031 3172 Augusto
1061 3107 1253 3173 magnopere

133 3202 292 3287 placuisse
327 3219 368 3265 ne
399 3218 440 3264 ex
471 3200 605 3285 epistola
636 3201 764 3285 quidem
789 3201 845 3265 illa
867 3206 1014 3286 apparet;
1040 3207 1124 3267 certe
1145 3203 1252 3287 ipsum

134 3316 322 3401 Augustum
345 3314 378 3378 id
401 3313 521 3378 alicubi
544 3314 712 3379 scribendo
737 3314 933 3400 significasse
956 3336 1021 3381 non
1045 3321 1177 3381 constat.

179 3428 459 3493 Maecenatem
495 3446 570 3492 vero
601 3432 632 3492 et
662 3426 900 3493 Pollionem
923 3429 963 3493 ab
986 3428 1120 3493 Horatio
1143 3448 1253 3516 sump-

10 3591 12 3615 .
135 3543 215 3607 sisse
245 3541 366 3624 aliquid
398 3541 546 3605 nonnulli
577 3542 639 3604 viri
662 3541 746 3606 docti
770 3543 1012 3626 contenderunt,
1038 3563 1118 3627 quos
1142 3544 1252 3609 rectis-

135 3657 214 3720 sime
236 3654 351 3719 refellit
374 3653 534 3719 Hertzius.
556 3653 684 3719 Dicitur
707 3660 813 3720 autem
838 3655 877 3719 ab
900 3657 965 3720 illia
985 3655 1151 3722 Maecenas
1164 3675 1252 3740 prae·

135 3773 230 3833 eunte
264 3767 398 3831 Horatio
430 3766 587 3852 singulari
618 3787 752 3833 numero
782 3771 871 3833 vocis
903 3767 1047 3845 Quiris
1071 3789 1150 3835 usus
1173 3789 1252 3854 esse,
1376 3771 1378 3775 ’

134 3881 236 3946 Pollio
262 3881 451 3946 sententiam
476 3879 683 3946 Horatianam

267 4043 437 4128 Verbaque
459 4046 617 4129 provisam
642 4065 709 4110 rem
733 4066 797 4110 non
823 4048 925 4111 invita
944 4053 1120 4132 sequentur

135 4221 182 4284 sic
204 4221 407 4285 immutasse:
431 4219 542 4305 „Mala
561 4222 676 4306 hercle,
695 4223 820 4287 eveniat
837 4222 943 4288 verbis
956 4225 1018 4288 nisi
1029 4242 1097 4289 rem
1110 4243 1251 4309 sequun-
