2954 5130
717 515 760 575 45

178 701 234 768 sed
258 705 405 766 accurato
428 701 499 765 eius
519 703 662 781 aetatem,
681 697 825 780 formam,
845 697 982 762 colorem
1001 696 1210 763 describenda
1229 717 1300 764 esse

177 836 279 900 quum
304 820 436 899 putaret,
459 813 703 899 languidissima
725 813 803 877 haec
827 812 992 877 adiecerit:

908 973 1018 1038 relicta

399 1087 501 1153 Matre
526 1089 582 1172 qui
606 1088 703 1172 largis
726 1088 905 1152 iuvenescit
927 1085 1036 1151 herbis

576 1201 616 1265 In
640 1219 711 1266 mea
733 1205 808 1264 vota

400 1316 518 1382 Fronte
541 1321 690 1381 curvatos
715 1317 860 1380 imitatus
882 1316 974 1400 ignes

398 1431 541 1496 Tertium
564 1430 661 1495 lunae
684 1428 851 1495 referentis
875 1435 991 1512 ortum,

400 1543 472 1621 Qua
494 1549 601 1608 notam
626 1544 721 1608 duxit
744 1544 859 1608 niveus
882 1543 992 1625 videri,

579 1656 689 1722 Cetera
712 1657 833 1722 fulvus,

222 2190 328 2274 Nunc,
351 2210 415 2276 quo
438 2191 541 2274 magis
563 2193 639 2253 nota
662 2190 704 2253 sit
727 2189 885 2254 sententia
908 2208 978 2254 mea
1002 2189 1183 2273 meliusque
1203 2188 1300 2254 stabi-

180 2306 247 2387 Hta,
282 2309 348 2369 tota
381 2304 506 2388 aliquot
535 2302 661 2367 Horatii
692 2303 834 2367 earmina
863 2302 1042 2368 recensebo.
1067 2301 1101 2367 Si
1125 2304 1209 2368 enim
1233 2322 1300 2367 non

180 2421 277 2483 nimis
319 2420 425 2502 inepte
460 2436 618 2502 quaenam
654 2435 706 2482 res
740 2419 774 2480 in
811 2436 950 2482 errorem
984 2437 1078 2502 saepe
1111 2418 1300 2482 induxerint

178 2532 348 2596 Horatium
373 2537 404 2596 et
427 2531 526 2595 malos
548 2528 652 2594 faeere
676 2550 789 2595 versus
814 2531 975 2614 coegerint
999 2530 1224 2614 demonstravi,
1244 2531 1299 2594 ad·

180 2647 311 2712 modum
346 2628 496 2710 credibile
526 2650 574 2709 est
603 2645 764 2708 interdum
798 2646 905 2708 omnia
927 2644 983 2707 illa
1006 2645 1158 2709 vitiorum
1181 2663 1301 2729 genera

181 2779 263 2845 quae
286 2760 474 2824 enumeravi
496 2759 530 2820 in
554 2777 655 2822 unum
679 2757 875 2822 confluxisse
899 2777 1037 2841 carmen,
1060 2764 1157 2842 atque
1178 2760 1224 2822 ita
1243 2759 1301 2822 ali·

180 2874 257 2958 quid
291 2877 404 2937 natum
439 2890 508 2936 esse
540 2872 626 2954 quod
657 2870 696 2935 ab
719 2871 810 2934 initio
835 2872 875 2935 ad
897 2870 994 2936 finem
1017 2873 1088 2937 iure
1111 2872 1300 2957 reprehendi

180 2988 289 3070 possit.
311 2984 468 3069 Exemplo
491 2985 532 3049 sit
555 2985 694 3068 primum
720 3003 745 3047 c.
768 2983 795 3068 I,
822 2984 871 3047 15.

223 3100 276 3164 En
299 3119 426 3164 carmen
452 3097 539 3183 quod
561 3118 627 3162 non
650 3099 764 3163 fecisse
786 3103 878 3182 potita
903 3098 1056 3163 dicendus
1077 3105 1125 3164 est
1144 3100 1200 3163 sed
1215 3100 1301 3183 quod

181 3219 319 3280 metrum
343 3215 444 3277 invito
471 3215 501 3277 ei
524 3213 674 3276 extorsit!
703 3211 792 3294 „Hac
815 3211 875 3277 ode
897 3211 1124 3294 Bacchylidem
1147 3214 1302 3296 imitatur,

181 3349 255 3392 nam
280 3327 394 3392 utillo
419 3326 631 3392 Cassandram
655 3325 731 3390 facit
755 3326 922 3390 vaticinari
944 3326 1055 3391 futura
1078 3326 1162 3408 belli,
1185 3328 1229 3390 ita
1248 3327 1300 3390 hie

181 3441 363 3525 Proteum,”
398 3443 442 3507 ait
475 3440 658 3506 Scholiasta.
689 3440 776 3505 Illud
806 3439 1010 3521 Bacchylidis
1042 3459 1169 3504 cumen
1193 3442 1300 3504 euius-

181 3559 268 3622 modi
291 3557 389 3622 fuerit
410 3575 504 3621 nemo
528 3556 633 3621 dicere
654 3560 774 3640 potest3
798 3555 911 3639 longos
931 3573 1006 3639 ergo
1027 3555 1066 3619 de
1085 3574 1122 3619 eo
1142 3556 1205 3618 viri
1216 3555 1301 3619 docti

180 3670 326 3737 scribunt
359 3671 613 3734 commentarios.
647 3668 810 3734 Lubenter
840 3675 948 3734 tamen
977 3668 1173 3734 Scholiastae
1204 3669 1299 3734 fidem

181 3785 354 3851 habemus:
376 3785 455 3868 quin
475 3783 536 3848 sibi
555 3784 694 3868 aliquem
714 3787 881 3867 poetarum
901 3782 1096 3849 Graecorum
1108 3783 1300 3848 imitandum

180 3900 240 3964 hoc
275 3899 416 3964 carmine
452 3898 624 3982 sumpserit
653 3896 818 3980 Horatius,
848 3900 916 3963 sive
947 3899 1156 3980 Bacchylides
1179 3897 1301 3981 isfuit,

181 4014 248 4079 sive
279 4013 371 4095 alius,
394 4031 460 4076 non
485 4012 641 4097 estquod
665 4010 858 4077 dubitemus.
880 4010 952 4077 Hoc
977 4017 1061 4078 certe
1083 4017 1217 4097 constat
1240 4014 1300 4077 hoc

184 4144 201 4190 e
222 4126 338 4211 quovis
361 4125 512 4190 carminis
537 4143 633 4190 versu
652 4129 790 4210 apparot
810 4145 876 4191 non
895 4126 929 4189 in
942 4127 1044 4209 ipsius
1057 4125 1183 4191 Horatii
1195 4130 1301 4192 monto

184 4246 294 4305 natum
328 4258 399 4305 esse
433 4245 659 4324 argumentum
693 4240 788 4324 eique
822 4244 888 4304 tam
920 4242 1045 4326 egregio
1076 4241 1235 4326 placuisse
1265 4247 1301 4307 ut
