2954 5130
703 524 766 588 166

178 711 254 776 dicit
275 710 390 796 polita?
414 708 569 776 Cautabit.
594 701 625 773 εὖ
644 732 689 787 γε.
710 708 794 787 Quid
814 709 977 775 cantabit?
998 708 1134 775 Carmen
1147 711 1290 794 Veneris,

178 827 298 909 opinor,
328 825 521 909 Amorisquo
550 824 690 909 plenum.
713 823 786 888 Non
811 827 888 889 satis
909 826 970 888 hoe
992 829 1121 909 politae:
1145 830 1289 890 accurate

177 939 207 1003 61
228 942 451 1024 argumentum
472 938 607 1003 indicat:
629 938 822 1020 cantandum
842 939 903 1003 erit
919 938 959 1003 de
978 938 1138 1022 Penelope
1151 942 1183 1003 et
1195 937 1290 1004 Circe.

179 1052 266 1122 Gur?
299 1072 424 1138 quaeso.
448 1051 606 1130 Quoniam
629 1053 704 1117 illae
727 1053 802 1116 olim
825 1071 929 1117 unum
952 1053 1057 1116 virum
1082 1051 1291 1117 amabant...

179 1166 446 1250 quemadmodum
469 1185 558 1230 nunc
579 1185 677 1230 unam
700 1164 912 1247 Tyndaridem
934 1166 998 1229 duo
1019 1165 1196 1250 depereunt
1215 1167 1289 1229 viri:

177 1284 271 1364 poeta
303 1284 335 1344 ot
367 1278 481 1362 Cyrus,
509 1283 679 1363 protervus
701 1297 790 1361 puer,
814 1297 910 1363 quem
932 1278 996 1360 illa,
1020 1279 1097 1362 quia
1120 1277 1290 1344 admodum

178 1411 294 1457 saevus
317 1397 365 1457 661
387 1397 418 1457 61
440 1388 611 1471 ζηλότυπος,
632 1390 750 1474 effugit,
769 1392 803 1454 ni
822 1392 940 1455 mirum
958 1392 1039 1455 utin
1051 1391 1290 1476 podtaeSabino

178 1507 367 1590 requiescat.
392 1504 474 1587 ,Hic
498 1503 604 1569 enim’'
629 1508 722 1588 polita
744 1505 804 1568 ait:

398 1689 462 1755 Hic
483 1692 519 1754 in
540 1689 671 1755 reducta
693 1689 775 1754 66116
798 1687 968 1754 Caniculae

400 1802 524 1868 Vitabis
547 1808 654 1869 aestus
677 1807 708 1868 et
729 1801 792 1867 fide
814 1800 889 1868 Teia

444 1915 539 1982 Dices
561 1916 742 1981 laborantes
763 1917 798 1980 in
821 1936 888 1981 uno

488 2029 670 2114 Penelopen
693 2031 890 2114 vitreamque
913 2028 1034 2096 Circen.

180 2241 264 2325 Non,
287 2240 400 2316 hercle,
423 2245 534 2325 sponte
557 2240 620 2304 huc
642 2240 748 2324 puella
771 2241 858 2305 venit
881 2241 937 2306 sed
960 2242 992 2304 61
1014 2247 1133 2307 666616.

224 2351 273 2419 De
296 2355 371 2417 vino
394 2353 562 2438 epulisque
585 2355 678 2418 etiam
702 2355 842 2419 carmine
866 2353 908 2437 H,
932 2354 971 2416 11
998 2373 1102 2420 sermo
1127 2361 1184 2421 est
1201 2356 1292 2438 ,Vita

181 2467 288 2533 brevis
321 2466 399 2551 est'’,
433 2468 478 2532 sic
512 2469 650 2532 amicum
687 2468 861 2551 alloquitur
895 2466 1058 2551 Horatius,
1096 2489 1195 2551 „mox
1230 2471 1291 2536 abit

179 2581 331 2645 iuventus
354 2580 501 2664 ceditque
524 2582 688 2663 senectuti,
709 2599 791 2664 quae
810 2580 968 2665 quidquid
988 2586 1036 2646 est
1046 2582 1109 2646 ioci
1121 2583 1292 2668 gaudiique

182 2692 293 2758 aufert.
314 2692 345 2757 N
347 2712 382 2758 os
404 2711 478 2778 orgo
503 2693 581 2757 dum
600 2693 673 2758 lieet
694 2694 835 2758 hilariter
854 2695 1002 2759 vivamus
1021 2700 1052 2759 et
1063 2694 1185 2760 laetum
1200 2697 1293 2762 simul

182 2807 378 2873 celebremus
401 2806 615 2872 convivium''.
638 2807 738 2873 Vides
761 2814 985 2893 argumentum
1009 2829 1075 2873 non
1097 2810 1195 2896 longe
1218 2812 1291 2896 peti·

181 2924 250 2985 tum
285 2922 539 3005 sententiamque
569 2922 645 2986 satis
668 2920 894 3006 pervulgatam.
917 2921 1033 3006 Lepide
1056 2928 1165 2989 tamen
1190 2926 1292 2989 omnia

181 3034 360 3098 enuntiavit
392 3032 555 3117 Horatius,
584 3035 619 3097 in
649 3033 821 3099 verborum
851 3034 975 3101 delectu
996 3035 1204 3104 felicissimus
1226 3039 1294 3124 fuit,

181 3148 288 3213 viride
318 3167 434 3214 coenae
463 3153 631 3233 apparatus
654 3148 852 3233 describitur,
875 3150 931 3215 sed
954 3151 1149 3242 simulatque
1172 3152 1292 3238 puellae

183 3263 302 3327 mentio
322 3266 370 3327 est
387 3261 531 3326 facienda
550 3262 683 3327 ridiculo
694 3263 802 3329 haeret
813 3262 993 3348 titubatque
1003 3270 1104 3349 poeta
1121 3266 1242 3350 „Quis”
1254 3269 1295 3332 611

399 3445 483 3529 Quis
506 3447 634 3513 devium
659 3453 800 3514 scortum
824 3450 928 3515 eliciat
951 3451 1044 3516 domo

404 3559 540 3643 Lyden?

182 3771 256 3837 Non
278 3776 400 3857 poterat
417 3771 596 3854 κυνικώτερον
615 3773 778 3857 psaltriam
798 3775 955 3859 appellare
977 3795 1073 3859 quam
1088 3777 1134 3841 sie
1150 3778 1295 3859 „derium

183 3885 354 3952 scortum'’.
377 3886 419 3951 Et
442 3907 544 3972 quum
568 3887 646 3952 duo
670 3889 764 3952 amici
784 3889 880 3971 genio
904 3888 1072 3973 indulgent
1093 3909 1198 3956 unum
1218 3893 1296 3955 invi·

182 4005 249 4066 tare
288 3999 470 4083 „aeonum”
504 4000 538 4063 id
572 4001 710 4084 quidam,
744 4000 856 4085 hercle,
887 4004 983 4066 nimis
1016 4007 1197 4088 ,poscentis
1229 4007 1295 4073 aeri

183 4112 304 4199 panoa''
339 4117 395 4178 ost.
429 4111 552 4190 Quodsi
581 4113 675 4198 plane
707 4116 823 4178 sentire
846 4118 936 4200 cupis
961 4136 1056 4200 quam
1082 4119 1124 4183 sit
1146 4120 1237 4185 istud
1257 4119 1293 4184 de

183 4225 271 4309 Lyde
301 4231 404 4293 scorto
430 4225 589 4313 plebeium
613 4231 644 4292 et
666 4228 830 4311 rusticum,
853 4234 963 4294 auctor
986 4229 1045 4295 tibi
1068 4251 1152 4318 rum,
1174 4232 1292 4316 Issos,
