2954 5130
663 496 704 558 93

124 686 201 750 dum
236 685 315 750 locis
350 704 446 768 quam
479 682 577 748 verbo
607 682 768 747 nudare
791 682 876 767 apud
899 680 1017 748 Phaed.
1041 679 1117 764 prol.
1143 680 1185 743 47
1210 683 1242 744 et

126 797 203 863 Hor.
238 797 301 863 Sat.
332 797 374 881 H,
407 799 436 881 ὅ,
466 797 508 860 47
541 796 651 862 eodem
676 795 742 860 fere
763 815 861 860 sensu
883 797 996 880 posito,
1018 796 1089 859 iure
1112 798 1243 858 annotat

124 912 285 977 Hertzius.
310 909 375 975 Gur
398 929 472 995 ergo
496 910 598 975 eidem
624 909 858 974 Phaedrianum
884 908 956 992 (HI,
983 908 1033 991 10,
1058 908 1127 990 lit:

303 1071 486 1158 Stuproque
509 1073 595 1157 turpi
618 1072 721 1157 pollui
743 1071 861 1136 famam
884 1071 998 1135 domus

126 1257 167 1302 ex
190 1235 365 1301 Horatiano
390 1234 458 1319 (IV,
482 1236 511 1319 5,
535 1234 606 1316 21):

303 1396 410 1462 Nullis
433 1396 587 1481 polluitur
610 1401 696 1461 casta
720 1396 835 1460 domus
858 1398 987 1481 stupris,

129 1580 317 1647 expressum
340 1579 410 1625 esse
432 1558 595 1644 probabile
617 1559 762 1624 videatur
785 1560 916 1624 minime
939 1559 1090 1643 intelligo.

173 1674 286 1760 Neque
308 1673 515 1738 Manilius
543 1673 721 1759 quidquam
745 1672 784 1737 ab
807 1672 941 1737 Horatio
964 1675 1108 1758 sumpsit,
1133 1693 1248 1759 neque,

131 1790 216 1873 quod
239 1790 274 1853 in
298 1789 357 1852 hac
380 1807 478 1854 causa
500 1787 600 1851 multo
624 1787 752 1851 maioris
772 1786 899 1851 ridetur
918 1788 1080 1869 momenti,
1099 1786 1248 1851 Pinda-

130 1922 202 1967 rus
242 1900 473 1966 Thebanus.
515 1899 549 1964 Is
583 1901 668 1964 enim
704 1918 746 1964 ex
780 1898 892 1964 alienis
926 1901 1040 1984 pannis
1075 1900 1247 1965 admodum

132 2015 320 2081 venustulos
351 2015 583 2080 consarcinavit
614 2012 788 2078 versiculos
812 2013 931 2097 quibus
953 2013 1086 2079 Iliadem
1109 2016 1142 2079 in
1165 2014 1249 2079 Lati-

131 2151 205 2195 nam
227 2131 385 2214 redigeret
407 2130 575 2213 epitomen.
600 2129 669 2193 Aut
692 2147 768 2212 ergo
792 2127 946 2192 Horatius
969 2149 1083 2213 parum
1105 2131 1135 2194 ei
1157 2131 1250 2195 inno-

131 2246 195 2310 tuit
216 2245 348 2326 (rixisse
371 2246 479 2308 autem
503 2242 632 2307 ridetur
656 2243 833 2328 imperante
855 2243 949 2307 etiam
972 2246 1067 2326 gente
1089 2242 1183 2325 Iulia)
1197 2249 1252 2308 aut

134 2377 246 2443 parum
269 2357 398 2442 placuit

178 2472 217 2536 In
247 2471 423 2556 Priapeo
454 2470 505 2552 73,
529 2471 548 2534 3
572 2470 689 2554 legitur
712 2469 871 2534 inutile
894 2470 1072 2555 lignum,
1097 2471 1152 2536 sed
1176 2473 1249 2555 quis

134 2587 193 2650 hoc
216 2604 257 2650 ex
280 2583 413 2649 Horatio
441 2583 514 2665 (Sat.
537 2583 563 2666 I,
586 2585 616 2668 8,
642 2584 688 2666 l):

311 2746 395 2811 Olim
419 2751 552 2811 truncus
575 2765 662 2810 eram
684 2745 833 2830 ficulnus,
856 2747 970 2812 inutile
991 2748 1116 2832 lignum

135 2922 339 3006 desumptum
359 2939 428 2986 esse
447 2940 504 3007 pro
524 2925 609 2986 certo
628 2921 823 2985 contendat?
842 2919 981 3005 Lignum
994 2923 1079 2987 enim
1092 2941 1109 2987 e
1122 2943 1186 3008 quo
1198 2923 1250 2988 dei

133 3037 246 3102 rustici
275 3035 312 3101 fit
341 3037 446 3120 imago
466 3035 626 3099 inutile
649 3035 807 3120 appellare
829 3037 973 3102 cuiusvis
996 3041 1061 3117 est;
1086 3057 1159 3102 nam
1185 3042 1253 3102 est

134 3170 283 3216 revera
316 3150 439 3215 inutile.
470 3148 505 3213 Si
527 3150 741 3214 instrumento
764 3152 884 3214 rustico
908 3156 1017 3235 aptum
1040 3150 1163 3236 fuisset,
1185 3172 1249 3216 non

136 3266 236 3329 animi
257 3283 354 3329 causa
376 3281 418 3328 ex
440 3280 477 3327 eo
500 3261 653 3347 Priapum
675 3261 802 3327 fecisset
826 3263 909 3327 horti
929 3263 1089 3329 dominus.

181 3377 354 3444 Curtius
388 3377 474 3442 haud
508 3375 614 3460 dubie,
647 3377 754 3442 iudice
786 3375 928 3462 Hertzio,
962 3398 1062 3462 quum
1102 3378 1253 3445 scriberet

136 3491 206 3577 (HL
230 3493 259 3577 5,
283 3493 331 3572 8l=

269 3655 314 3720 Hi
337 3655 537 3737 (adulatores)
556 3659 626 3720 tum
644 3654 769 3719 eoelum
787 3654 834 3718 illi
847 3655 877 3736 (i.
890 3673 915 3720 e.
930 3654 1124 3737 Alexandro)
1133 3655 1254 3740 aperie-

226 3769 312 3854 bant,
335 3768 573 3853 Herculemque
595 3773 626 3833 et
648 3767 775 3833 Patrem
797 3766 949 3832 Liberum
972 3773 1004 3833 et
1026 3789 1100 3834 oum
1124 3768 1255 3834 Polluce

228 3882 388 3948 Castorem
411 3902 495 3948 novo
517 3882 645 3947 numini
668 3901 814 3948 cessuros
835 3882 995 3948 iactabant

137 4053 211 4115 ante
234 4050 343 4114 oculos
366 4047 479 4113 habuit
501 4045 715 4112 Horatianum
744 4045 798 4131 (Π,
823 4047 850 4120 1,
875 4047 923 4128 5);

272 4209 430 4276 Romulus
453 4213 484 4275 et
506 4207 602 4274 Liber
623 4212 712 4293 pater
735 4213 864 4273 etcum
887 4206 1017 4274 Castore
1040 4209 1168 4274 Pollux.
