2954 5130
740 522 799 585 196

209 711 294 774 anim
318 714 367 775 est
389 712 517 774 amator.
538 707 670 785 Quoties
688 711 794 772 autem
814 705 1219 791 summaPimpleimontis
1232 726 1330 772 oocu-

210 825 297 889 mina
319 823 511 889 adsoendere
533 827 675 904 conatur,
699 820 795 887 verba
820 821 950 905 quidem
970 821 1045 885 inde
1064 821 1158 887 refert
1171 842 1329 907 magnum

208 937 330 1023 aliquid
352 939 506 1020 sonantia,
530 936 586 1002 sed
607 936 713 1000 inanis
737 954 847 1001 eorum
873 937 1024 1020 strepitus
1048 941 1105 1019 est,
1126 936 1161 1000 in
1184 941 1328 1001 mentem

209 1054 418 1137 animumque
451 1051 577 1116 lectoris
606 1068 672 1114 non
701 1054 877 1134 penetrant
907 1048 991 1113 Nam
1013 1050 1041 1114 si
1065 1051 1137 1134 quis
1161 1069 1213 1116 me
1237 1055 1330 1135 roget

210 1166 288 1252 quid
323 1184 397 1232 vere
430 1171 462 1230 et
495 1169 558 1229 toto
592 1169 719 1248 pectore
753 1164 866 1228 amarit
899 1162 1064 1247 Horatius,
1097 1163 1328 1248 respondeam:

211 1281 307 1345 vitam
332 1281 472 1364 quietam
501 1278 729 1362 placidumque,
751 1276 790 1341 ab
816 1276 939 1342 urbano
963 1279 1095 1362 strepitu
1119 1282 1286 1362 remotam,
1310 1299 1329 1343 a

210 1393 286 1460 belli
308 1392 457 1478 periculis
480 1410 635 1457 securam.
659 1389 753 1455 Hanc
775 1409 850 1456 vero
873 1392 907 1454 in
931 1392 1053 1457 deliciis
1077 1392 1107 1456 ei
1125 1391 1227 1457 tuisse
1248 1391 1329 1477 quid

211 1505 352 1572 mirum?
387 1504 450 1581 Qui
485 1506 570 1571 enim
601 1504 784 1569 adolescens
816 1504 890 1570 belli
921 1504 1025 1569 civilis
1049 1524 1219 1571 aerumnas
1242 1510 1329 1571 esset

211 1625 370 1704 expertus,
403 1619 473 1703 paci
503 1618 549 1682 nil
578 1623 739 1703 praestare
761 1617 859 1703 probe
882 1623 1022 1702 noverat,
1045 1624 1077 1684 et
1099 1639 1176 1704 pace
1199 1638 1329 1705 compo·

211 1735 280 1817 sita,
303 1752 403 1819 quum
427 1735 544 1797 victam
568 1751 698 1797 causam
721 1731 921 1816 defendisset,
944 1737 1069 1818 praeter
1089 1735 1229 1817 quietem
1240 1739 1329 1799 tran·

211 1848 465 1934 quillitatemque
499 1847 556 1910 vix
591 1846 767 1932 quidquam
803 1867 822 1911 a
857 1847 917 1911 diis
947 1846 1181 1913 immortalibus
1203 1849 1329 1932 precari

210 1966 340 2047 poterat.
364 1960 483 2046 Lepida
506 1980 581 2047 ergo
606 1965 805 2045 venustaque
827 1965 904 2026 sunt
927 1945 1068 2025 carmina
1088 1961 1206 2046 quibus
1226 1964 1328 2027 vitam

210 2078 362 2143 rusticam
385 2076 494 2141 laudat
516 2074 679 2158 Horatius
703 2079 734 2141 et
754 2074 912 2160 quidquid
931 2095 973 2141 ex
991 2076 1052 2140 hoc
1071 2095 1187 2160 genere
1199 2077 1329 2161 scripsit

210 2190 295 2257 lectu
337 2195 385 2255 est
426 2189 704 2254 iucundissimum.
745 2187 830 2264 Quin
865 2191 961 2254 etiam
995 2190 1080 2254 inter
1115 2191 1259 2255 earmina
1293 2191 1329 2254 in

210 2305 329 2389 patriae
362 2305 579 2389 principisque
613 2303 766 2367 honorem
801 2303 975 2387 composita
1005 2303 1171 2387 quaedam,
1202 2305 1230 2368 si
1261 2322 1329 2368 non

210 2418 379 2505 praeclara,
409 2422 516 2482 tamen
548 2416 720 2481 admodum
752 2421 830 2481 sunt
859 2416 1008 2501 pulchra:
1032 2417 1087 2481 illa
1111 2417 1181 2482 dico
1206 2416 1329 2501 quibus

210 2533 379 2618 Augustus
403 2536 565 2616 tamquam
590 2532 676 2615 pacis
699 2536 811 2595 auctor
833 2532 1076 2616 securitatisque
1099 2530 1248 2596 defensor
1275 2551 1332 2597 ex·

210 2647 341 2710 tollitur.
372 2644 493 2708 Horum
524 2649 630 2708 autem
661 2663 712 2708 me
735 2644 840 2710 iudice
863 2645 1049 2728 primarium
1075 2643 1195 2710 obtinet
1217 2645 1329 2710 locum

211 2780 237 2825 o.
260 2759 318 2844 IV,
343 2760 372 2842 5,
400 2777 464 2843 quo
495 2763 531 2823 ut
556 2760 590 2822 in
614 2757 725 2823 urbem
750 2759 853 2824 redire
876 2763 1023 2843 properet
1044 2759 1231 2843 Augustum
1255 2780 1331 2845 pre·

211 2880 318 2954 catnr;
343 2874 430 2938 huno
453 2873 538 2936 enim
562 2877 593 2938 et
615 2872 686 2937 aliis
709 2873 885 2957 alloquitur
906 2872 1013 2939 verbis
1035 2879 1066 2939 et
1087 2874 1191 2938 hisce:

387 3081 505 3148 Lucem
529 3082 626 3148 redde
648 3087 732 3166 tuae,
756 3082 824 3147 dux
848 3081 940 3168 bone,
963 3084 1092 3168 patriae.

388 3197 494 3262 Instar
517 3198 602 3263 veris
625 3198 709 3263 enim
734 3197 845 3262 vultus
868 3196 925 3262 ubi
946 3202 1024 3262 tuus

389 3309 520 3375 Affolsit
541 3310 668 3396 populo,
692 3313 812 3396 gratior
834 3312 860 3375 it
883 3311 950 3376 dies

431 3425 473 3490 Et
495 3426 578 3490 soles
602 3425 717 3491 melius
740 3428 851 3492 nitent

256 3663 491 3728 Venustissima
514 3661 652 3747 profecto
674 3662 752 3727 haec
775 3661 904 3746 stropha
923 3666 980 3747 est,
1001 3662 1056 3728 sed
1075 3667 1178 3728 totum
1198 3681 1329 3729 carmen

212 3777 282 3844 iure
304 3777 522 3862 Peerlkampio
545 3795 645 3861 paene
667 3776 841 3861 perfectum
865 3776 998 3842 videtur.
1020 3777 1063 3842 Et
1086 3779 1216 3842 omnino
1235 3779 1328 3864 inep-

211 3897 280 3957 tum
316 3894 358 3957 sit
389 3891 558 3957 Horatium
589 3896 751 3975 tamquam
783 3889 1029 3957 versificatorem
1061 3897 1263 3957 contemnere
1295 3897 1328 3957 et

212 4006 381 4091 despicere,
405 4026 506 4089 quum
529 4005 713 4089 praesertim
735 4004 810 4069 inde
828 4023 847 4067 a
866 4005 986 4070 renatis
1004 4005 1105 4070 literis
1117 4005 1327 4071 eruditissimi

210 4120 355 4186 homines
379 4139 453 4186 eum
476 4137 676 4203 summopere
699 4119 764 4182 sint
786 4117 940 4182 admirati.
959 4116 1059 4183 Lectu
1078 4120 1163 4184 enim
1176 4119 1327 4203 dignissi-

211 4255 284 4301 mus
306 4235 460 4300 Horatius
484 4239 515 4301 et
536 4234 598 4299 fuit
615 4252 739 4318 semper
758 4237 790 4299 et
808 4233 902 4299 etiam
924 4232 980 4298 diu
999 4233 1156 4318 manebit3
1170 4234 1225 4300 sed
1238 4235 1326 4322 quod
