2954 5130
705 497 770 562 134

182 700 343 787 quendam
377 700 562 783 corruptum
598 716 711 763 sanare
745 698 917 779 tentarunt,
950 695 1039 760 addit
1071 693 1297 760 Burmannus:

316 860 387 945 ,Ex
410 861 461 926 his
484 859 602 944 eligant
623 859 779 943 Propertii
802 858 940 923 cultores
963 859 1057 943 periti
1077 858 1165 944 quod
1187 862 1300 944 podtae

268 977 398 1061 ingenio
414 977 562 1062 maxime
584 974 857 1040 accommodatum
880 971 1057 1038 rideatur.''

178 1150 292 1235 Neque
314 1154 422 1216 tamen
444 1151 530 1214 viros
556 1149 675 1232 dootos,
701 1150 758 1233 qui
780 1168 868 1212 nuno
887 1147 1052 1233 Propertio
1072 1148 1150 1214 dant
1163 1167 1302 1234 operam,

179 1265 373 1331 condemno:
398 1283 472 1349 non,
495 1264 590 1347 enim,
610 1263 725 1347 hercle,
742 1265 771 1329 is
791 1283 864 1329 sum
884 1264 938 1327 cni
958 1263 997 1328 de
1009 1262 1122 1329 alienis
1134 1262 1300 1329 laboribus

179 1399 289 1447 serere
321 1379 464 1445 iudicare
496 1378 588 1445 fioeat
622 1378 775 1460 libeatve;
808 1382 839 1444 et
870 1383 919 1445 est
951 1379 1109 1463 quaedam
1139 1380 1299 1445 editorum

178 1494 259 1558 ratio
276 1493 409 1557 minime
428 1493 545 1578 inepta,
566 1493 623 1576 qni
641 1491 813 1557 lectoribus
825 1493 1116 1577 manuscriptorum
1129 1492 1300 1559 lectionem

180 1627 278 1692 quam
302 1607 540 1672 accuratissime
561 1610 799 1690 repraesentare
823 1606 981 1691 studeant,
999 1625 1106 1692 neque
1126 1607 1227 1672 ullam
1247 1609 1300 1674 ad·

179 1722 309 1786 mittant
339 1720 594 1786 emendationem
625 1738 708 1805 quae
730 1738 796 1783 non
819 1724 884 1784 tam
907 1724 993 1786 oerta
1017 1722 1059 1786 sit
1081 1726 1112 1787 et
1136 1722 1301 1807 explorata

180 1837 217 1899 ut
240 1833 331 1899 nulla
353 1838 515 1899 remaneat
538 1833 706 1898 dubitandi
729 1853 835 1901 causa.
858 1832 921 1899 Sed
945 1835 1031 1919 quod
1050 1836 1226 1902 nemodum
1245 1836 1300 1903 illa

179 1947 361 2013 Burmanni
384 1947 601 2013 admonitione
622 1953 787 2031 tamqnam
809 1947 1017 2014 fundamento
1037 1969 1118 2016 usus
1138 1952 1301 2017 amatoria

179 2060 396 2146 Propertiana,
420 2062 448 2126 si
469 2080 536 2126 non
555 2062 661 2146 ipsum
680 2060 892 2146 Propertium,
902 2066 1009 2129 tamen
1021 2063 1162 2148 aliquem
1173 2070 1300 2150 potitam

179 2176 336 2261 Propertii
361 2195 458 2260 quam
481 2175 681 2241 simillimum
703 2175 834 2242 reficere
856 2181 989 2242 conatus
1008 2181 1065 2262 est,
1084 2177 1145 2242 hoc
1164 2178 1299 2244 etdoleo

180 2294 212 2356 et
246 2289 352 2355 miror.
386 2286 470 2354 Nam
499 2289 662 2354 innumeri
693 2289 822 2375 quidem
853 2289 1011 2375 Propertii
1039 2291 1103 2356 loci
1125 2292 1172 2356 ita
1193 2293 1299 2358 traditi

180 2406 256 2470 sunt
289 2408 327 2469 ut
360 2407 416 2468 aut
449 2402 540 2468 nulla
572 2404 695 2470 ratione
724 2404 860 2489 intelligi
889 2406 1024 2490 possint,
1054 2410 1111 2471 aut
1142 2407 1300 2472 eiusmodi

180 2517 346 2603 requirant
379 2517 634 2603 explicationem,
667 2539 731 2603 qua
761 2521 901 2585 sermoni
931 2517 1045 2585 Latino
1078 2521 1127 2586 ris
1156 2519 1222 2605 fiat,
1245 2521 1300 2588 sed

179 2632 238 2697 vix
271 2632 359 2698 ullus
393 2651 504 2698 eorum
538 2637 587 2699 est
617 2634 697 2719 quin
727 2634 767 2699 de
790 2653 827 2700 eo
851 2639 956 2701 exstet
978 2635 1087 2720 aliqua
1109 2637 1300 2716 coniectura,

76 2760 81 2769 ⁴
179 2745 300 2811 incerta
331 2746 461 2829 quidem
493 2746 549 2812 sed
581 2747 693 2832 lepida,
716 2747 853 2833 elegans,
876 2752 1021 2815 venusta.
1045 2748 1203 2815 Veterum
1225 2768 1300 2817 vero
1336 2764 1340 2768 ·

181 2859 379 2925 Batavorum
413 2860 647 2946 philologorum
682 2879 719 2927 ea
749 2861 811 2927 fuit
840 2864 1033 2948 praestantia
1055 2868 1093 2929 ut
1115 2866 1301 2950 saepissime

181 2977 246 3040 tres
279 2992 391 3040 eorum
422 2978 600 3060 quatuorve
631 2994 691 3040 suo
722 2977 861 3061 quisque
891 2977 985 3042 modo
1008 2977 1147 3043 eundem
1169 2998 1300 3045 versum

181 3089 340 3174 corrigere
362 3091 467 3154 conati
490 3091 556 3155 sint
575 3091 767 3156 coniecturis
786 3092 871 3157 inter
892 3111 973 3176 quas
993 3091 1130 3158 difficilis
1150 3094 1194 3158 sit
1206 3094 1301 3179 optio,

180 3204 227 3269 ita
250 3222 360 3270 omnes
390 3205 498 3270 nescio
526 3205 604 3289 quid
628 3204 827 3290 Propertiani
850 3204 976 3290 habent,
999 3207 1044 3271 ita
1067 3225 1181 3273 omnes
1204 3207 1302 3274 docn-

181 3323 289 3385 mento
312 3322 389 3384 sunt
411 3337 520 3384 earum
544 3323 688 3386 auctores
711 3321 1001 3406 praestantissimos
1023 3320 1124 3387 fuisse
1146 3322 1188 3388 de
1211 3325 1303 3408 podsi

181 3431 297 3498 Latina
319 3433 451 3517 iudices,
474 3435 598 3519 poetica
615 3434 766 3500 facultate
785 3435 841 3499 vix
859 3435 922 3519 ipsi
942 3434 1108 3520 Propertio
1120 3436 1173 3502 vel
1186 3435 1302 3504 Ovidio

181 3547 357 3613 inferiores.
398 3547 478 3613 Illae
519 3552 625 3614 tamen
666 3548 732 3614 fere
769 3567 879 3615 omnes
914 3549 949 3613 in
984 3551 1080 3635 spissi
1114 3549 1302 3619 Santoniani

182 3661 356 3727 voluminis
389 3661 489 3727 latent
517 3661 666 3747 tenebris,
697 3682 763 3728 una
793 3663 957 3748 alteraque
991 3681 1102 3729 earum
1135 3669 1302 3751 tamquam

183 3777 261 3842 satis
303 3775 434 3855 evidens
468 3776 505 3839 in
535 3776 675 3861 aliquem
715 3779 840 3843 textum
875 3781 924 3842 est
955 3781 1091 3862 recepta,
1124 3779 1236 3863 plnres
1269 3782 1303 3846 in

183 3890 405 3956 annotationes
448 3890 574 3955 criticas
609 3895 686 3956 sunt
719 3891 886 3976 relegatae,
921 3895 1043 3957 ceteras
1076 3909 1118 3957 ne
1152 3896 1303 3980 cognosci

184 4004 315 4090 quidem
337 4009 474 4089 possunt
496 4004 560 4070 nisi
583 4004 622 4069 ab
647 4023 684 4069 eo
709 4006 766 4090 qui
788 4011 927 4072 veterem
948 4006 1036 4071 illam
1048 4006 1222 4074 editionem
1234 4029 1302 4096 per-

183 4116 335 4182 volvendi
358 4117 499 4183 laborem
520 4136 586 4182 non
608 4117 797 4184 reformidet.
824 4116 909 4195 Quid
931 4138 1006 4205 ergo
1028 4121 1154 4187 mihiiu
1167 4125 1302 4191 votissit

183 4250 285 4318 rogas.
308 4230 513 4298 Exstiturnm
532 4232 660 4298 tandem
680 4233 852 4318 aliquando
871 4235 978 4300 virum
996 4234 1095 4301 latine
1106 4238 1304 4324 perdoctum,
