2954 5130
715 523 757 588 ct

178 710 317 794 Aquilae
346 710 489 776 leonisve
513 710 639 776 invenis
662 712 763 776 instar
789 709 943 775 Claudius
966 729 1040 774 cum
1063 709 1206 777 barbaris
1229 709 1295 776 bel-

178 822 247 888 lum
280 824 395 907 gessit:
430 823 463 886 hi
493 825 579 888 enim
609 823 649 888 ab
680 843 717 888 eo
749 824 891 908 oppressi
922 822 1000 906 quid
1022 823 1167 889 educatio
1190 829 1296 908 posset

178 941 256 1001 sunt
277 937 409 1021 experti
432 934 512 1012 Quis
536 956 679 1021 unquam
704 956 741 1002 eo
765 939 895 1002 nomine
913 937 1023 1002 leones
1042 937 1206 1022 aquilasve
1225 938 1295 1002 lau·

179 1050 248 1115 dari
271 1050 393 1115 audivit
416 1051 503 1134 quod
522 1057 641 1116 tantam
661 1051 769 1117 liberis
789 1053 858 1117 suis
869 1050 1066 1116 instruendis
1079 1051 1295 1135 docendisque

179 1162 349 1228 adhibeant
373 1164 525 1247 operam?

222 1275 293 1353 Sed,
328 1280 401 1340 utut
434 1280 491 1358 est,
522 1276 562 1340 ad
595 1276 814 1342 educationem
846 1278 1061 1361 pervenimus,
1085 1296 1149 1360 qua
1172 1277 1224 1341 via
1245 1276 1296 1341 vel

178 1390 285 1473 potius
308 1408 372 1473 quo
393 1389 478 1453 saltn
502 1409 590 1454 nunc
613 1409 678 1454 non
701 1409 787 1474 rogo.
813 1389 899 1454 Hinc
920 1391 1080 1474 quomodo
1100 1390 1139 1455 ad
1152 1388 1294 1455 Drusum

178 1507 211 1568 et
231 1503 418 1588 Augustum
440 1508 513 1588 apte
536 1505 665 1569 transiri
688 1510 794 1588 posset
816 1510 908 1589 poeta
931 1506 1108 1588 quaesivit:
1131 1511 1295 1589 tamquam

179 1618 309 1683 vinculo
344 1637 419 1702 ergo
454 1638 534 1683 usus
569 1624 617 1683 est
647 1619 705 1683 hac
735 1618 957 1684 observatione
987 1619 1116 1683 morali:
1146 1618 1295 1700 „fortium

179 1737 348 1816 parentum
377 1731 467 1796 fortis
498 1750 568 1797 esse
597 1732 702 1816 proles
733 1732 822 1814 solet,
844 1732 900 1797 sed
923 1731 1071 1796 accedere
1096 1730 1189 1796 debet
1211 1731 1295 1795 bona

180 1844 356 1911 educatio.''
377 1844 538 1909 Nimirum
574 1845 613 1911 de
642 1845 830 1910 educatione
859 1847 893 1910 in
917 1845 977 1909 hoc
1000 1847 1142 1909 carmine
1164 1863 1295 1929 prorsus

180 1960 268 2024 sileri
300 1978 365 2023 non
400 1964 537 2043 poterat:
573 1978 647 2043 pars
670 1961 756 2023 enim
779 1958 893 2040 laudis,
916 1978 980 2042 qua
1002 1956 1130 2023 Drusus
1155 1964 1296 2041 ornatur,

181 2077 357 2157 utcumque
390 2072 430 2136 ad
462 2072 648 2156 Augustum
682 2079 750 2137 erat
779 2072 952 2138 referenda.
982 2071 1044 2137 Sed
1075 2077 1174 2136 totam
1207 2072 1295 2136 illam

181 2185 434 2251 observationem
466 2186 647 2250 accuratius
678 2186 888 2270 aspiciamus:
918 2205 1016 2268 quam
1038 2204 1136 2268 prava
1158 2185 1228 2250 eius
1252 2186 1293 2250 sit

182 2301 358 2365 enuntiatio
380 2301 486 2364 statim
510 2298 691 2384 apparebit:

402 2499 513 2564 Fortes
538 2503 686 2563 creantur
706 2497 842 2563 fortibus
864 2502 896 2563 et
919 2496 1012 2562 bonis

402 2612 461 2678 Est
482 2613 516 2675 in
540 2612 791 2696 iuvencisttt,
815 2615 862 2675 est
884 2612 917 2673 in
941 2610 1034 2694 equis
1056 2613 1184 2693 patrum

447 2725 569 2811 Virtus,
593 2744 697 2810 neque
720 2724 881 2790 tmbellem
903 2723 1023 2789 feroces

490 2837 708 2923 Progenerant
730 2837 857 2923 aquilae
878 2835 1075 2901 columbam:

403 3036 556 3103 Doctrina
580 3037 635 3102 sed
658 3039 725 3101 vim
747 3040 911 3120 promovet
932 3016 1072 3118 insitam,

402 3150 558 3236 Rectique
581 3151 688 3215 cultus
710 3154 839 3235 pectora
862 3148 1023 3214 roborant.

448 3263 632 3348 Utcumque
655 3261 796 3328 defecere
819 3282 932 3345 mores,

490 3374 692 3442 Dedecorant
715 3375 796 3440 bene
819 3380 894 3439 nata
915 3374 1035 3459 eulpae.

229 3587 322 3672 Quid,
346 3607 477 3673 quaeso,
498 3587 606 3652 ultimi
628 3604 742 3650 versus
765 3584 946 3671 significant

448 3786 621 3870 Utcunque
644 3784 785 3851 defecere
808 3803 924 3867 mores,

494 3900 695 3967 Dedecorant
719 3899 799 3964 bene
820 3904 895 3963 nata
918 3896 1054 3982 culpae?

228 4112 307 4193 Quis
329 4114 412 4180 alius
437 4132 552 4178 sensus
577 4109 617 4175 ab
641 4128 679 4176 eo
702 4111 759 4194 qui
781 4116 865 4176 recte
887 4111 1115 4192 interpretatur
1136 4105 1211 4170 inde
1232 4105 1298 4189 peti

184 4235 288 4320 potest
310 4249 406 4316 qnam
429 4227 496 4291 bic:
524 4223 578 4321 „Si
601 4223 771 4311 Augustus
790 4223 884 4288 homo
905 4240 1043 4309 nequam
1061 4219 1184 4304 fuisset,
1197 4217 1297 4283 ebrio·
