2954 5130
691 517 732 581 27

150 701 369 784 querelae,
398 703 498 767 immo
529 704 651 769 rixae
680 704 769 768 nasci
788 707 920 789 possem
944 704 1075 770 minime
1098 707 1270 773 convenire

149 815 254 900 epulis
283 834 355 881 cum
387 814 537 882 Messalla
568 815 715 900 Oorvino,
737 818 817 901 viro,
840 818 894 884 oni
917 818 1023 884 iudice
1046 817 1197 884 Cicerone
1219 819 1271 898 (ad

149 927 286 996 Brutum
319 927 345 1012 I,
383 929 433 1012 15,
465 929 498 1014 1)
527 930 775 995 constantia
804 935 836 996 et
857 929 1073 1016 probitate
1096 931 1142 997 nil
1166 932 1272 1000 simile

151 1042 259 1107 esset?
284 1039 368 1118 Quid
390 1042 549 1108 eiusmodi
573 1044 643 1107 viro
668 1062 741 1107 oum
763 1043 933 1109 insanis
957 1043 1191 1128 amoribus,
1214 1046 1272 1131 qui

114 1212 115 1217 ,
155 1157 208 1237 ,in
243 1156 350 1221 studio
380 1156 579 1240 eloquentiae
609 1157 762 1242 evigilare
792 1156 954 1223 soleret”?
985 1159 1039 1223 An
1061 1158 1141 1225 forte
1163 1159 1269 1225 virum

152 1269 322 1335 cultissimi
357 1270 478 1354 ingenii
501 1269 670 1335 convivam
696 1290 796 1355 quum
821 1269 929 1354 habes,
948 1276 1074 1337 tantum
1093 1270 1152 1336 tibi
1174 1272 1272 1338 taedii

153 1384 372 1450 devorandum
395 1382 464 1448 foro
486 1389 661 1469 exspectas,
684 1390 721 1450 ut
744 1384 784 1450 ad
807 1386 919 1451 vinum
943 1385 1113 1452 facilem
1137 1386 1272 1455 afferma
1398 1431 1400 1436 -

152 1516 338 1563 somnum
373 1497 416 1563 sit
448 1496 722 1581 confugiendum?
755 1496 891 1583 Egregie
922 1517 957 1565 ae
979 1498 1099 1565 habent
1120 1500 1269 1585 strophae

151 1612 243 1677 tertia
278 1615 465 1696 quartaque,
504 1610 774 1697 dignissimoque
808 1618 885 1678 sunt
918 1618 1011 1699 podia
1044 1613 1147 1679 amieo
1177 1617 1271 1700 gravi

151 1730 248 1812 atque
280 1726 382 1809 docto,
410 1725 548 1811 perfecto
571 1727 697 1808 oratori,
720 1727 843 1792 homini
864 1732 1105 1812 praeceptorum
1131 1728 1271 1814 philoso-

150 1840 318 1925 phicorum
352 1839 455 1924 pleno,
490 1841 601 1925 epulas
634 1845 775 1925 parante,
811 1841 867 1906 sed
901 1861 974 1908 oum
1006 1841 1269 1927 praecedentibus
1325 1923 1328 1932 ι

152 1953 285 2020 mirifice
314 1959 445 2038 certant,
477 1953 596 2038 quibus
625 1954 680 2020 ille
702 1973 738 2020 se
761 1956 883 2021 nescire
906 1955 1065 2041 significat
1088 1957 1269 2022 cuiusmodi

152 2071 264 2134 vinum
298 2070 496 2154 prompserit,
527 2070 614 2154 quod
643 2070 728 2135 idem
759 2075 809 2136 est
840 2076 937 2155 atque
958 2091 1024 2136 non
1047 2090 1160 2136 curare
1182 2072 1270 2157 quod

151 2184 220 2247 vini
248 2202 352 2268 genus
377 2182 461 2271 ¹tulos
483 2183 594 2267 epulas
617 2183 733 2249 deceat
757 2182 954 2248 Sententiam
978 2184 1181 2268 stropharum
1205 2186 1269 2270 pri-

151 2315 222 2362 mae
245 2296 469 2380 secundaeque
492 2294 573 2361 bene
595 2298 758 2382 perspexit
782 2296 1033 2382 Peerlkampius,
1057 2298 1112 2363 sed
1135 2297 1269 2383 legendo

374 2414 576 2520 Quocunque
597 2436 716 2500 lectum
740 2436 871 2500 nomine
897 2434 1048 2501 Liberum

173 2544 209 2590 ro

151 2545 185 2617 p‘
373 2611 583 2706 Quocunque
596 2613 714 2679 lectum
738 2614 868 2680 nomine
891 2613 1064 2680 Massicum

152 2753 251 2816 unius
275 2751 403 2836 quidem
427 2770 540 2817 versus
566 2752 677 2817 vitium
702 2751 794 2835 tollit,
812 2753 871 2816 toti
889 2753 1024 2816 carmini
1037 2772 1101 2818 non
1114 2752 1268 2818 medetur.

152 2863 202 2930 De
224 2864 338 2930 ultime
360 2865 429 2930 eius
453 2865 583 2950 stropha
606 2883 683 2929 mox
706 2866 766 2930 erit
790 2865 972 2931 videndum.

198 2975 299 3056 Quem
333 2976 446 3044 Musae
480 2977 627 3064 diligunt,
661 2983 795 3044 naturae
828 2983 958 3064 aspectu
992 2979 1047 3045 iile
1078 2978 1268 3047 delectatur:

151 3096 237 3156 amat
258 3091 356 3157 silvas
376 3096 574 3176 montesque,
593 3095 678 3157 amat
696 3096 786 3176 prata
806 3092 952 3177 virentia,
963 3093 1116 3178 loquaces
1128 3092 1268 3175 rivulos;

153 3206 260 3271 avium
296 3210 392 3271 cantu
426 3205 594 3288 delenitur,
614 3195 733 3270 ⁴varios
767 3204 884 3272 llorom
919 3206 1042 3273 colores
1075 3207 1266 3288 admiratum

153 3338 258 3404 neque
275 3317 410 3385 auribus
429 3318 535 3395 solum
563 3318 731 3404 oculisque
752 3320 878 3405 gaudia
893 3321 1024 3406 pariunt
1045 3320 1100 3386 illa
1122 3321 1269 3406 volupta-

152 3438 282 3518 temque
312 3433 369 3500 sed
400 3437 539 3498 mentem
566 3451 697 3518 quoque
718 3431 942 3518 pulcherrimis
964 3434 1099 3520 implent
1122 3436 1269 3520 imagini-

152 3545 214 3613 bus
243 3545 562 3632 cogitationibusque.
594 3545 724 3613 Podtam
757 3546 833 3612 facit
855 3549 982 3615 amoeni
1004 3549 1089 3613 ruris
1112 3553 1270 3633 depectus,

152 3662 247 3747 quale
288 3660 370 3727 illud
411 3664 478 3725 erat
519 3679 585 3744 quo
619 3647 723 3725 'mour
765 3659 961 3746 ringebatur.
996 3659 1160 3729 Lubentet
1190 3681 1268 3748 ergo

152 3774 285 3842 Horatio
319 3773 415 3840 fidem
446 3772 601 3839 habemus
625 3775 769 3839 nomenti
793 3793 838 3860 se,
863 3774 949 3860 quod
972 3779 1066 3860 poeta
1088 3775 1193 3842 factus
1216 3777 1271 3860 sit,
1357 3855 1361 3862 ¹

150 3889 261 3956 Tiburi
283 3893 446 3973 acceptum
470 3886 595 3971 referre,
618 3889 674 3953 aed
696 3889 731 3955 in
755 3888 901 3955 versibus
924 3889 992 3972 (IV,
1016 3891 1045 3972 3,
1070 3890 1224 3979 ldrqqt:

350 4014 414 4081 Sed
438 4034 520 4100 quae
541 4013 640 4080 Tibur
662 4034 765 4100 aquae
785 4015 888 4082 fertile
911 4015 1096 4101 praefluunt

306 4129 347 4195 ut
369 4130 491 4214 spissae
513 4147 683 4195 nemorum
703 4147 815 4196 comae

350 4241 488 4329 Fing‘ent
509 4242 622 4308 Aeolio
645 4245 786 4308 carmine
809 4243 958 4310 nobilem
