2954 5130
673 521 713 585 97

116 724 191 790 ergo
225 706 312 772 istud
341 667 529 775 hocerat
558 728 632 774 oum
656 709 764 775 dolore
787 715 818 775 et
840 711 1059 797 indignatione
1082 715 1234 800 rogantis,

115 826 273 906 recteque,
297 827 334 887 ut
357 823 470 908 solent,
495 829 617 890 veteres
641 823 838 890 Batavorum
862 825 1015 912 philologi
1038 827 1096 893 hos
1120 847 1137 893 e
1160 827 1235 894 Vir·

115 936 193 1020 gilio
217 937 422 1021 comparandi
444 957 542 1003 oausa
564 942 730 1023 apponunt
751 957 882 1005 versus:

162 1049 242 1115 Aen.
266 1049 310 1136 11,
334 1051 422 1133 654τλ

202 1211 275 1277 Hoc
297 1219 372 1296 erat,
394 1213 477 1278 alma
500 1233 624 1299 parens,
648 1215 735 1300 quod
758 1234 809 1280 me
833 1234 890 1300 per
913 1215 984 1300 tela,
1008 1235 1065 1300 per
1086 1217 1178 1302 ignes

203 1325 319 1412 Eripis,
343 1332 381 1392 ut
405 1328 517 1393 mediis
543 1322 665 1394 hostem
689 1329 724 1392 in
747 1328 977 1412 penetralibus,
1000 1337 1101 1414 utque

74 1431 76 1435 ’
203 1439 381 1506 Ascanium
404 1446 592 1528 patremque
615 1462 723 1509 meum
747 1443 904 1528 iuxtaque
927 1441 1078 1509 Creusam

203 1555 350 1621 Alterum
373 1557 408 1620 in
431 1557 564 1622 alterius
587 1561 740 1623 mactatos
764 1558 922 1643 sanguine
945 1576 1081 1624 cernam.

161 1729 219 1809 IV,
242 1731 283 1794 67
287 1731 328 1794 5:

204 1894 275 1960 Hoo
298 1895 389 1980 illud,
410 1915 570 1981 germana,
591 1896 661 1981 fuit,
685 1917 736 1963 me
758 1897 870 1963 fraude
893 1897 1045 1982 petebas?

158 2069 275 2136 Affeni
305 2073 400 2136 etiam
431 2072 531 2156 possit
563 2073 648 2157 quod
679 2073 765 2157 apud
789 2071 941 2139 Ovidium
964 2073 1049 2156 (Met.
1073 2072 1132 2156 XI,
1157 2074 1232 2156 694)

115 2183 280 2267 Halcyone
312 2185 515 2269 lamentatur,
549 2186 605 2251 ubi
627 2187 662 2250 in
685 2206 797 2252 somno
822 2187 861 2254 de
883 2188 989 2252 mariti
1010 2187 1178 2272 naufragio
1200 2192 1233 2252 et

114 2303 215 2364 morte
237 2301 360 2383 accepit
382 2302 550 2365 nuntium:

200 2461 272 2528 Hoo
295 2468 370 2547 erat,
394 2463 463 2547 hoc,
486 2465 593 2528 animo
618 2464 706 2549 quod
729 2464 893 2531 divinante
916 2464 1067 2529 timebam

202 2576 306 2647 Etne
329 2597 380 2643 me
402 2577 530 2663 fugiens
554 2584 667 2644 ventos
689 2598 859 2664 sequerere
883 2579 1043 2665 rogabam.

156 2753 207 2838 Et,
234 2754 349 2838 hercle,
372 2757 504 2821 minime
528 2758 646 2822 mirum
669 2763 718 2822 est
738 2756 851 2823 Latine
874 2757 1065 2823 scribentem
1089 2757 1230 2842 aliquem
1276 2781 1278 2785 ·

112 2868 145 2931 in
168 2869 228 2933 heo
250 2888 285 2934 re
310 2871 508 2953 pronominis
531 2870 598 2935 hio
621 2876 772 2937 neutrum
795 2891 913 2956 ponere
935 2890 1039 2955 genus
1062 2875 1094 2937 et
1116 2871 1231 2938 addere

114 2981 203 3047 verbi
225 3001 319 3050 esse
340 2983 572 3069 imperfectum.
595 2984 794 3070 Expressum
816 3005 892 3052 vero
911 2985 1070 3071 Propertii
1081 3004 1151 3052 esse
1162 3004 1233 3050 ver·

112 3115 184 3161 sum
207 3117 251 3162 ex
272 3097 448 3163 Horatiano

197 3260 270 3327 Hoc
292 3262 416 3328 eratin
439 3263 522 3328 votis

110 3438 167 3522 qui
201 3436 363 3501 contendit
397 3435 531 3501 ridicule
564 3435 686 3521 ineptit.
718 3433 789 3498 Illic
823 3435 909 3499 enim
941 3452 1073 3518 prorsus
1097 3433 1158 3497 alia
1182 3436 1230 3498 est

109 3550 259 3617 vocabuli
289 3555 379 3617 erat
409 3549 599 3635 significatio
627 3548 882 3634 (Propertianum
906 3553 995 3614 erat
1019 3547 1137 3624 Graece
1160 3566 1230 3612 ver·

109 3667 242 3733 tendum
273 3671 321 3731 est
351 3658 385 3739 ἦν
413 3661 479 3746 ripa,
510 3663 722 3730 Horatianum
754 3682 828 3729 vero
851 3659 898 3726 ael
922 3655 984 3745 ia),
1007 3662 1131 3727 nullam
1154 3679 1229 3747 ergo

109 3780 203 3845 aliam
240 3779 485 3864 comparationis
514 3797 625 3843 ansam
652 3777 687 3842 hi
709 3795 823 3842 versus
846 3776 998 3861 praebent
1023 3795 1118 3860 quam
1144 3774 1229 3859 quod

109 3895 144 3958 in
179 3895 277 3960 altero
313 3897 361 3958 est
391 3893 432 3956 in
464 3892 592 3974 votis,
622 3893 657 3954 in
687 3889 785 3955 altero
809 3891 849 3954 in
874 3890 1032 3975 primis.
1056 3889 1101 3952 At
1122 3889 1229 3972 ipsum

110 4008 192 4074 illud
213 4009 255 4072 in
278 4007 428 4092 primis
451 4006 529 4091 quid
553 4005 711 4091 significet
734 4024 791 4088 pro
815 4009 900 4070 certo
920 4024 985 4068 non
1006 4001 1230 4068 constatldihi

109 4123 239 4208 quidem
270 4120 403 4186 eandem
435 4120 501 4184 vim
524 4118 639 4185 habere
662 4119 790 4183 videtur
814 4138 911 4202 quam
934 4136 1033 4201 prae
1055 4116 1229 4203 ceteris,

109 4238 165 4304 sed
196 4239 224 4304 si
253 4237 327 4322 quis
357 4235 442 4300 dicat
473 4253 559 4300 esse:
583 4234 715 4319 primo
737 4235 868 4316 (amoris
891 4233 1003 4316 nostri)
1026 4236 1229 4315 tempore,

1111 4341 1127 4394 l
