2954 5130
637 507 699 570 193

113 691 240 756 Horatii
274 691 385 756 Satiris
417 693 618 776 potissimum
649 691 866 776 Epistulisque
897 713 977 758 usus
1001 695 1052 776 sit,
1074 695 1155 758 nihil
1178 695 1234 759 illa

116 807 230 870 docent
244 811 370 890 praeter
388 805 420 868 id
442 806 528 890 quod
540 807 609 890 ipse
620 804 806 890 Zingerleus
818 808 1002 890 praesertim
1017 807 1234 874 demonstrare

115 919 177 984 sibi
210 921 393 1004 proposuit:
425 921 568 983 omniurn
592 919 679 984 illins
703 921 855 1004 temporis
878 926 1054 1005 poetarum,
1080 924 1136 1006 qni
1160 923 1233 987 dao-

115 1035 212 1116 tylico
237 1038 336 1098 metro
360 1034 411 1097 usi
434 1038 519 1116 sunt,
542 1033 678 1099 eundem
701 1033 802 1098 luisse
823 1054 1010 1117 sermonem,
1030 1036 1139 1101 eadem
1160 1037 1234 1101 arti·

115 1147 195 1212 ficia.
227 1146 320 1223 Quod
352 1148 430 1231 quin
462 1166 575 1211 verum
599 1147 640 1211 sit
664 1147 737 1231 quis
761 1145 908 1211 dubitat?
932 1147 1000 1212 Iam
1024 1166 1125 1241 pauca
1148 1149 1234 1214 enim

114 1261 170 1325 illa
205 1280 287 1345 quae
321 1279 361 1325 ex
393 1260 491 1324 Ennii
520 1258 702 1325 Annalibus
734 1265 907 1345 supersunt
937 1260 1113 1346 fragmenta
1138 1281 1234 1346 quam

116 1379 202 1438 certo
237 1393 397 1458 quamque
427 1380 562 1458 angusto
593 1377 721 1439 tramite
744 1393 869 1458 semper
893 1376 1070 1439 cucurrerit
1091 1373 1236 1439 Romana

116 1490 220 1572 poesis
256 1489 480 1552 demonstrant.
516 1487 560 1551 cf.
592 1488 671 1551 mihi
700 1486 789 1552 Libri
818 1487 836 1551 I
866 1487 903 1551 fr.
936 1489 978 1552 59
1001 1508 1047 1553 vs.
1072 1489 1113 1552 86
1139 1489 1236 1573 (apud

117 1599 321 1682 Muellerum)

251 1749 303 1813 Sic
325 1748 529 1834 exspectabat
551 1749 689 1834 populns
713 1754 810 1834 atque
834 1769 890 1815 ora
911 1749 1039 1815 tenebat

249 1862 368 1947 Rebus,
392 1865 457 1927 utri
481 1865 589 1949 magni
612 1865 743 1928 victoria
766 1865 807 1928 sit
832 1865 903 1928 data
926 1866 1018 1950 regni

118 2046 191 2090 cum
216 2046 312 2091 versu
336 2025 493 2092 Ovidiano
522 2026 606 2110 (Met.
630 2026 690 2110 IX,
712 2028 784 2109 49);

558 2184 701 2263 spectant
724 2184 867 2244 armenta
889 2184 1080 2264 paventque,

250 2293 365 2358 Nescia
389 2312 485 2377 quem
510 2298 636 2358 maneat
658 2295 739 2357 tanti
761 2295 897 2358 victoria
923 2294 1030 2377 regni:

119 2459 212 2521 modo
246 2459 313 2521 nati
343 2458 428 2541 apud
458 2457 618 2521 Romanos
649 2457 797 2521 carminis
820 2455 956 2520 Romani
979 2455 1112 2521 eandem
1135 2455 1236 2520 fuisse

120 2573 379 2655 compositionem
404 2590 486 2655 quae
509 2589 634 2654 semper
656 2570 754 2635 fuerit
776 2588 937 2654 agnosces.

163 2683 277 2769 Neque
311 2684 384 2749 illos
415 2684 503 2747 locos
534 2683 675 2748 indicare
698 2683 839 2768 neglexit
861 2682 1047 2766 Zingerleus
1070 2681 1127 2746 ubi
1150 2686 1234 2746 uter·

119 2818 182 2882 que
204 2803 296 2883 poeta
319 2797 455 2862 eundem
479 2799 608 2881 respicit
631 2805 801 2880 auctorem,
821 2797 915 2861 modo
934 2799 980 2861 ita
998 2804 1034 2862 ut
1053 2795 1236 2862 alterillum

119 2912 256 2992 παρῳδῶν
280 2913 446 2996 exprimat,
475 2911 567 2976 modo
590 2913 635 2975 ita
657 2916 694 2976 ut
717 2911 802 2996 apud
824 2916 975 2975 neutrum
1002 2910 1105 2975 ullum
1128 2928 1237 2974 cerna·

118 3035 173 3090 tur
194 3027 320 3090 iocandi
348 3026 526 3090 consilium.

164 3140 328 3204 Postremo
360 3142 400 3223 (p.
426 3140 489 3203 30-
514 3141 567 3221 32)
597 3139 692 3223 longa
719 3141 799 3204 serie
821 3140 964 3204 locorum
988 3138 1236 3203 Horatianorum

120 3274 193 3319 cum
227 3253 393 3318 Ouidianis
425 3259 678 3338 comparatorum
711 3275 806 3338 quam
833 3253 930 3318 fuerit
953 3258 1038 3317 certa
1061 3259 1092 3317 et
1115 3251 1238 3316 stabilis

119 3373 283 3452 poetarum
315 3367 531 3431 Romanorum
564 3368 659 3431 dictio
691 3365 876 3451 Zingerleus
901 3367 999 3429 docet.
1024 3364 1086 3429 Sed
1109 3383 1150 3429 ne
1171 3364 1236 3430 illis

121 3484 250 3567 quidem
286 3503 304 3546 a
339 3500 409 3546 mea
441 3482 480 3545 de
511 3486 578 3545 arte
611 3479 767 3545 Ovidiana
798 3481 954 3545 sententia
985 3478 1132 3564 depellor,
1156 3497 1238 3563 quae

121 3596 301 3660 cuiusmodi
325 3597 452 3659 sitiam
478 3595 590 3658 dicam.

165 3711 217 3774 Ad
248 3709 400 3773 Ovidium
426 3711 555 3793 penitus
579 3708 835 3793 cognoscendum
860 3727 926 3771 non
950 3726 1031 3791 opus
1054 3711 1103 3771 est
1124 3725 1239 3790 magna

121 3827 278 3889 industria
302 3842 457 3908 magnove
481 3823 595 3887 labore.
620 3821 683 3898 Qui
705 3822 802 3887 fuerit
825 3841 889 3886 non
914 3823 1076 3886 innumeri
1096 3823 1240 3905 undique

122 3939 208 4002 allati
230 3939 291 4002 loci
316 3939 432 4002 melius
455 3956 514 4001 nos
538 3937 652 4000 docent
676 3957 773 4021 quam
797 3956 883 4001 unus
904 3937 959 4001 ille
977 3935 1241 4019 versiculosque

49 4138 51 4142 ι
124 4053 163 4117 de
186 4073 220 4118 se
244 4056 313 4138 ipse
338 4052 473 4116 Ovidius
497 4056 619 4116 narrat:

322 4203 487 4289 Quidquid
510 4203 671 4268 tentabam
696 4204 802 4268 dicere
825 4223 938 4269 versus
957 4208 1032 4277 erat.

1106 4312 1139 4366 13
