2954 5130
715 509 757 572 47

154 718 375 783 ,quamquam
411 695 547 761 AchiNis
578 696 635 760 vix
666 698 785 760 mentio
817 696 869 760 hic
891 695 945 760 fit:
969 697 1190 762 tantummodo
1213 698 1299 762 enim

177 813 376 897 aliquamdiu
399 829 527 897 pugnae
550 829 631 874 non
655 810 794 875 adfuisse
814 810 949 891 dicitur,
970 810 1057 879 Aiax
1076 816 1193 893 autem,
1205 813 1300 876 cuius

178 945 295 992 nomen
315 946 361 991 vs.
385 926 425 989 19
446 925 572 1010 legitur,
586 943 652 988 nou
665 922 860 989 Salaminius
871 942 941 989 esse
954 924 1081 989 ridetur
1091 924 1149 989 sed
1160 922 1299 1006 locrus3

179 1040 282 1106 efficio
305 1041 366 1104 hoc
384 1058 427 1104 ex
447 1039 584 1123 epitheto
604 1038 782 1103 celerem
802 1039 942 1122 sequi,
961 1036 1018 1102 sed
1036 1036 1172 1103 fortasse
1190 1043 1222 1104 et
1240 1039 1301 1103 hoc

181 1154 221 1219 ad
245 1152 439 1238 explendum
463 1171 593 1217 versum
617 1153 758 1236 positum
780 1157 836 1217 est
855 1150 970 1237 Neque
988 1156 1095 1217 tamen
1115 1150 1302 1217 incredibile

182 1265 340 1333 Teucrum
372 1267 572 1331 nominatum
604 1284 673 1331 esse
705 1270 847 1350 apodta,
870 1265 997 1330 fratrem
1021 1265 1152 1331 Aiacem
1176 1266 1302 1351 neglec-

178 1387 258 1446 tum.
292 1381 347 1445 An
384 1380 493 1445 minus
526 1381 670 1464 ineptum
705 1384 754 1445 est
784 1379 871 1464 quod
903 1381 987 1444 inter
1017 1380 1100 1462 illos,
1132 1400 1151 1444 a
1182 1379 1302 1466 quibus

179 1495 336 1580 pernicies
367 1495 408 1558 sit
439 1493 654 1578 exspectanda
680 1492 797 1575 Paridi,
822 1495 879 1576 qui
901 1492 1020 1576 pedum
1046 1493 1214 1558 velocitate
1236 1493 1303 1559 lere

180 1607 330 1672 omnibus
364 1612 513 1691 praestat,
547 1610 579 1670 et
609 1605 725 1671 Nestor
756 1606 958 1690 appellatur,
976 1607 1070 1672 cuius
1092 1604 1144 1682 βίη
1169 1603 1302 1697 Names,

181 1741 278 1808 quem
300 1719 436 1799 χαλεπὸν
459 1726 552 1800 γῆρας
576 1718 688 1792 ὀπηδεῖ,
713 1720 766 1783 cui
788 1719 928 1785 imbellis
953 1721 995 1786 sit
1014 1721 1125 1806 auriga
1137 1725 1169 1785 et
1179 1718 1302 1802 βραδέες

181 1831 287 1899 lucos?
311 1834 412 1900 Metro
436 1835 586 1898 convenit
608 1832 695 1898 istud
718 1832 886 1915 Pylium
910 1833 1108 1899 Nestora:
1133 1835 1205 1900 ideo
1229 1835 1302 1900 aliis

181 1951 284 2034 potior
317 1949 372 2013 ille
404 1947 548 2013 habetur.
582 1946 669 2012 Hinc
704 1953 816 2012 natum
850 1948 931 2012 iNud
966 1949 1147 2014 celerem
1178 1951 1303 2034 sequi

179 2064 366 2145 Aiacem,
398 2062 473 2126 hinc
507 2060 766 2126 Laertiaden
800 2063 981 2127 exitium
1013 2067 1111 2126 tuae
1140 2064 1302 2148 gentis:

180 2197 253 2242 nam
277 2177 419 2261 gentis
443 2193 520 2241 suae
544 2176 725 2240 exitium
750 2194 856 2259 neque
875 2177 1007 2240 visurus
1025 2175 1302 2262 estParis,neque

181 2292 271 2374 vidit,
306 2310 408 2376 quum
439 2295 513 2354 ante
544 2308 663 2372 equum
695 2288 869 2354 Troianum
891 2289 1011 2354 factum
1036 2290 1193 2355 ceciderit.
1216 2290 1302 2355 Hinc

180 2404 421 2489 impavidus
463 2402 725 2467 Salaminius
766 2402 888 2467 Teucer
923 2403 1055 2467 dicitur:
1094 2404 1179 2488 quod
1217 2405 1302 2470 euim

181 2519 288 2582 miuus
312 2522 424 2601 aptum
448 2515 495 2579 illi
516 2516 690 2600 excogitari
715 2517 817 2600 potuit
841 2517 1013 2601 epitheton,
1035 2520 1092 2602 qui
1115 2517 1177 2583 sub
1202 2517 1302 2602 clipeo

180 2631 287 2696 fratris
321 2631 418 2694 latere
453 2628 592 2694 soleret?
625 2628 694 2693 Iam
718 2634 793 2693 nata
816 2635 864 2695 est
887 2649 925 2695 eo
949 2650 1014 2716 quo
1039 2631 1182 2697 dicebam
1206 2633 1302 2698 modo

182 2745 310 2830 stropha
331 2742 397 2808 fere
420 2743 515 2827 plena
538 2746 570 2806 et
594 2741 748 2827 perfecta:

401 2890 475 2956 Non
498 2890 694 2974 Laertiaden,
718 2893 854 2957 exitium
877 2899 952 2959 tuae

404 3004 525 3089 Gentis,
548 3025 614 3069 non
636 3003 766 3087 Pylium
791 3004 927 3071 Nestora
945 3009 1102 3092 respicis?

405 3119 529 3205 Urgent
550 3119 705 3204 impavidi
727 3125 759 3184 te
781 3119 977 3186 Salaminius

493 3232 623 3316 Teucer,

227 3383 313 3461 Quid
344 3384 526 3449 addendum
558 3385 686 3450 videtur
713 3386 941 3470 potissimum?
964 3386 1060 3452 Iubet
1083 3395 1240 3455 metrum:
1264 3396 1304 3456 te

184 3483 434 3582 Sthenelus,
462 3504 493 3562 et
523 3518 612 3563 nuno
635 3519 701 3563 una
723 3500 905 3584 iunguntur
926 3500 1047 3567 Teucer
1070 3508 1100 3568 et
1123 3502 1302 3570 Sthenelus.

182 3612 368 3698 Nunquam,
390 3618 427 3676 ut
449 3613 572 3698 opinor,
595 3613 656 3677 hoc
677 3613 746 3678 fore
765 3620 1004 3705 exspectaverat
1022 3616 1192 3682 Homerus.
1205 3617 1303 3684 Deest

185 3729 278 3793 etiarn
299 3728 421 3812 aliquid
440 3729 565 3793 versui:
578 3747 677 3812 parva
689 3733 737 3793 est
748 3728 864 3794 lacuna
877 3730 1011 3795 dirarum
1025 3731 1231 3816 syllabarum,
1244 3734 1300 3799 sed

186 3846 280 3905 totam
304 3841 371 3906 fere
393 3842 554 3926 stropham
576 3841 632 3906 illa
654 3842 784 3927 peperit.
808 3842 860 3907 Sic
884 3845 969 3908 enim
992 3850 1087 3929 poeta
1108 3849 1228 3932 pergit:

933 3996 1038 4061 sciens
1158 3988 1160 3992 ’

384 4105 526 4191 Pugnae,
549 4108 618 4172 sive
641 4126 723 4191 opus
747 4112 795 4172 est
817 4108 999 4192 imperitare
1023 4112 1115 4194 equis

384 4219 459 4286 Non
481 4223 594 4323 auriga
615 4222 713 4306 piger.
