2954 5130
771 511 812 574 66

234 698 378 763 eiusdem
412 716 482 762 esse
515 702 625 782 poetae
655 716 817 782 agnosces.
850 697 949 762 Poeta
984 716 1058 782 ergo
1088 697 1219 782 planum
1248 697 1353 764 facere

236 811 359 877 volebat
393 831 491 895 quam
520 831 611 876 avem
641 811 747 876 verbis
780 813 1023 876 ministrum
1051 811 1249 876 fulminis
1281 810 1353 876 ali·

233 930 312 991 tem
336 924 544 1010 significaret:
569 925 815 1008 explicationem
839 930 946 989 autem
969 924 1064 1006 dedit,
1084 944 1180 1008 quam
1191 926 1352 1008 ineptissi-

234 1058 319 1103 mam
350 1045 381 1104 et
411 1038 451 1103 ab
475 1038 627 1102 hocloco
651 1038 878 1103 alienissimam
902 1056 972 1103 esse
994 1037 1214 1122 Peerlkampio
1236 1037 1353 1103 lubens

234 1153 397 1217 assentior.
432 1149 521 1227 Quae
556 1152 641 1215 enim
677 1153 758 1215 ratio
792 1151 960 1216 intercedit
993 1152 1077 1216 inter
1106 1151 1233 1236 aquilae
1255 1150 1351 1216 fidem

233 1273 426 1350 raptumque
450 1264 645 1346 Ganymedis
668 1270 699 1330 et
721 1270 893 1349 spectatam
917 1267 951 1329 in
977 1263 1084 1330 Druso
1106 1264 1351 1330 fortitudinem?

233 1379 353 1464 Aquila
375 1384 480 1443 autem
501 1383 532 1443 et
550 1378 600 1442 leo
621 1397 708 1442 nunc
727 1379 866 1462 primum
879 1378 992 1442 nidum
1004 1379 1192 1462 relinquunt
1204 1384 1352 1444 matrem·

236 1510 309 1577 que,
342 1499 374 1557 et
402 1493 454 1556 sui
483 1491 606 1556 faciunt
631 1491 810 1575 periculum
834 1493 869 1554 in
893 1491 1050 1556 currendo
1074 1492 1284 1576 volandoque.
1308 1493 1353 1558 At

235 1604 363 1671 Drusus
397 1607 524 1670 iuvenis
559 1605 689 1690 quidem
721 1610 769 1671 est
801 1604 856 1670 sed
878 1610 984 1671 tamen
1008 1625 1129 1671 annum
1153 1607 1265 1672 aetatis
1288 1609 1354 1691 agit

234 1719 426 1803 vigesimum
448 1720 587 1784 tertium.
613 1717 675 1783 Sed
700 1719 759 1782 hoc
783 1718 923 1802 quidem,
946 1721 1099 1802 quoniam
1123 1720 1232 1785 minus
1254 1739 1353 1804 grave

235 1839 284 1899 est
306 1835 421 1897 vitium
449 1852 545 1916 quam
569 1837 673 1897 cetera
696 1833 812 1912 omnia,
837 1833 1015 1896 mittamus:
1033 1820 1104 1907 Quo
1127 1833 1222 1897 modo
1245 1839 1353 1898 autem
1410 1919 1414 1926 ἡ

236 1944 363 2012 Drusus
396 1945 517 2010 bellum
549 1947 640 2030 gerit,
674 1964 770 2029 quem
806 1964 881 2008 cum
915 1944 1023 2029 aquila
1057 1946 1108 2009 vel
1138 1945 1229 2010 leone
1253 1965 1353 2030 agnos

238 2060 439 2144 capellasque
461 2059 601 2125 laniante
621 2064 713 2143 poeta
732 2059 916 2142 comparat?
936 2057 1112 2142 Exspectes
1132 2059 1354 2124 huiuscemodi

237 2173 374 2258 aliquid:
402 2173 528 2255 „hostes
548 2172 681 2237 terribili
700 2173 769 2238 eius
788 2175 913 2255 impetu
931 2171 1078 2254 perculsi,
1089 2173 1187 2235 immo
1199 2171 1354 2237 fulminea

237 2287 386 2352 herrandi
409 2286 581 2352 adversarii
603 2287 636 2349 vi
660 2284 870 2369 obstupefacti
893 2291 970 2349 sunt
994 2290 1024 2348 et
1044 2303 1118 2369 prae
1142 2290 1230 2350 metu
1249 2286 1307 2349 vix
1320 2304 1354 2351 sa

237 2418 436 2465 commovere
475 2397 639 2484 possunt''.
675 2396 760 2474 Quid
794 2416 869 2462 vero
902 2397 1018 2481 potita?
1051 2397 1209 2462 Barbaras
1241 2403 1354 2483 gentas

238 2513 315 2578 dicit
350 2514 553 2578 consiliis
587 2513 714 2577 iuvenis
747 2513 937 2578 revictae
972 2511 1121 2576 didicisse
1157 2531 1240 2596 quae
1271 2519 1356 2578 esset

237 2624 340 2692 bonae
363 2626 562 2691 educationis
587 2625 716 2690 utilitas.
741 2624 944 2708 Ineptissima
967 2624 1044 2689 haec
1065 2643 1135 2689 esse
1153 2624 1356 2709 aliquatenus

239 2741 339 2805 sensit
367 2739 542 2822 Bentleius,
574 2741 631 2823 qui
660 2758 717 2823 pro
748 2724 938 2802 revictae
969 2739 1104 2803 coniecit
1125 2757 1356 2823 repressae.

241 2851 303 2917 Sed
326 2853 386 2917 hoc
409 2852 538 2936 quidem
559 2857 607 2917 est
626 2852 772 2915 morituri
791 2850 956 2917 reduviam
978 2870 1097 2917 curare.
1109 2850 1192 2916 Nam
1205 2853 1357 2918 maiorem

242 2966 372 3049 quidem
404 2967 470 3029 vim
500 2964 595 3029 babet
624 2983 847 3048 repressae
877 2984 974 3048 quam
1001 2965 1207 3047 revictae,
1230 2965 1287 3030 sed
1308 2967 1358 3029 in·

241 3085 361 3145 tactum
395 3079 525 3163 reliquit
559 3077 725 3143 Bentleius
758 3076 952 3142 vocabulum
983 3078 1085 3142 multo
1117 3081 1219 3163 magis
1240 3080 1357 3164 impro-

242 3192 383 3258 bandum
405 3191 611 3257 consiliis.
633 3191 692 3255 Illo
716 3193 812 3276 enim,
831 3191 906 3257 licet
925 3191 1034 3256 multis
1054 3192 1156 3256 modis
1168 3194 1202 3256 in
1214 3199 1357 3258 nostram

243 3307 377 3373 aliamve
410 3295 556 3391 linguam
585 3305 770 3371 hodiernam
803 3306 884 3370 verti
912 3306 1022 3390 possit,
1051 3311 1158 3372 tamen
1181 3325 1306 3390 semper
1327 3314 1359 3372 et

243 3419 365 3505 ubique
406 3419 561 3504 quaedam
602 3419 718 3482 mentis
760 3417 963 3483 deliberantis
1002 3420 1156 3503 sapientia
1188 3420 1358 3486 indicatur.

243 3533 345 3600 Multo
379 3534 479 3619 igitur
512 3531 626 3597 melius
661 3551 698 3597 eo
733 3534 832 3596 utaris
868 3530 924 3596 ubi
957 3532 996 3596 de
1031 3533 1111 3598 duce
1142 3533 1249 3618 aliquo
1280 3540 1359 3599 natu

243 3648 371 3730 maiore,
405 3665 501 3732 quem
536 3664 616 3710 usus
650 3644 726 3710 belli
757 3644 946 3729 prudentem
977 3643 1060 3727 fecit,
1089 3645 1240 3730 loquaris,
1262 3668 1359 3731 quam

245 3781 346 3845 quum
367 3762 518 3826 iuvenem
540 3759 609 3842 ipso
632 3757 744 3822 ardore
767 3757 873 3821 hostes
897 3757 1044 3821 vincente
1067 3756 1196 3824 laudare
1219 3759 1307 3824 velis.

288 3874 421 3939 Barbari
441 3892 516 3958 ergo
539 3892 558 3936 a
580 3869 687 3935 Druso
711 3870 786 3934 victi
807 3869 944 3934 didicere
964 3875 1121 3953 quantum
1140 3870 1258 3936 valeret
1278 3847 1362 3938 bona

245 3992 399 4057 educatio.
421 3988 474 4070 At,
496 4005 552 4071 per
575 3985 650 4049 deos
673 3982 877 4064 immortales,
902 3981 980 4066 quid
1002 3980 1145 4066 pulchris
1163 3984 1360 4067 imaginibus

244 4105 364 4171 factum
395 4107 443 4168 ast
475 4118 557 4185 quae
586 4099 684 4164 tantis
713 4095 901 4180 ambagibus
924 4100 1076 4178 tantoque
1100 4101 1216 4161 ornatu
1237 4099 1272 4160 in
1295 4100 1361 4183 pri·

246 4222 308 4288 mis
348 4217 485 4308 strophis
522 4219 598 4279 sunt
630 4209 835 4300 propositae?
871 4207 941 4303 Quo
975 4214 1131 4274 terrarum
1165 4213 1360 4278 evaserunt?
