2954 5130
712 502 776 565 142

183 687 299 754 studiis
334 687 477 753 deditum
510 687 646 772 ideoque
675 687 722 751 nil
753 688 789 751 in
820 704 855 752 se
885 686 1016 752 Amoris
1041 685 1147 752 valere
1169 686 1299 771 sagittas

183 822 277 888 saepe
310 803 491 888 gloriatum,
520 801 577 867 ubi
607 802 736 868 tandem
759 802 849 867 illius
869 821 981 886 perere
1005 802 1149 886 imperiis
1171 807 1300 867 coactus

181 922 239 1001 est,
278 917 482 1002 lepidissimis
519 918 598 983 iocis
632 918 821 1003 perstringit
854 916 1041 1002 Propertius
1076 922 1126 983 et:
1176 915 1301 1000 „Quid”

111 1089 115 1098 .
181 1029 297 1115 itsffl,
321 1032 373 1115 32,
397 1031 437 1094 27
463 1032 560 1116 sqq.):

317 1175 401 1271 Quid
424 1197 481 1259 tue
503 1192 673 1259 Socraticis
696 1192 754 1258 tibi
776 1212 866 1257 nunc
889 1193 1044 1278 sapientie
1065 1192 1157 1259 libris

360 1306 507 1374 Proderit
528 1311 585 1373 aut
606 1326 714 1372 rerum
738 1306 843 1372 dicere
866 1325 960 1391 posse
978 1306 1073 1372 rias?

314 1422 382 1488 Aut
406 1422 561 1507 quid....
585 1421 644 1487 tibi
666 1425 801 1506 prosunt
823 1422 966 1486 carmine
991 1420 1094 1486 tecta?

360 1536 416 1601 Nil
437 1537 529 1601 iuvat
550 1536 585 1600 in
608 1555 723 1622 magno
747 1540 854 1601 vester
875 1554 984 1601 amore
1007 1554 1117 1601 senex.

229 1710 264 1776 Si
285 1710 386 1777 literis
410 1711 506 1777 stiam
528 1709 650 1795 aliquid
674 1709 749 1775 dere
768 1710 920 1794 temporis
939 1709 998 1793 vis,
1018 1709 1136 1774 erotica
1148 1727 1303 1794 compone

186 1825 336 1908 carmina,
368 1824 445 1889 huie
479 1823 539 1889 soli
568 1824 632 1888 iem
663 1826 758 1908 aptus
780 1841 815 1888 es
838 1820 977 1908 generi”.
1001 1821 1049 1887 Eo
1071 1820 1142 1886 loco
1167 1821 1225 1887 ubi
1248 1841 1304 1908 ego

184 1937 335 2003 lacunam
375 1937 492 2022 reliqui
533 1937 569 2000 in
602 1935 768 2002 codicibus
801 1941 878 2001 sunt
910 1935 1100 2020 Erethei,
1135 1933 1305 2002 Orethei

185 2051 311 2137 aliaque
333 2049 494 2124 ἀδιανόητα
518 2049 637 2135 quibus
660 2050 813 2116 sanandis
835 2050 986 2135 permulti
1004 2068 1133 2135 operam
1147 2049 1304 2116 dederunt

185 2167 245 2231 viri
279 2166 372 2232 docti.
401 2165 547 2231 Profecto
577 2165 724 2250 egregius
748 2169 797 2230 est
819 2165 949 2230 criticus
971 2162 1136 2230 Lucienus
1160 2163 1303 2248 Mueller,

183 2280 218 2344 in
241 2282 343 2365 poetis
365 2280 474 2345 latinis
496 2281 599 2366 siquis
622 2280 705 2345 alins
728 2283 884 2364 versatus,
907 2284 1031 2363 acutus,
1055 2298 1166 2364 sagax,
1191 2280 1301 2346 semel·

185 2413 249 2480 que
281 2395 317 2458 in
346 2395 476 2460 nomine
506 2395 634 2480 proprio
658 2393 798 2460 eruendo
821 2399 887 2458 tem
909 2393 988 2459 felix
1011 2393 1074 2458 fuit
1095 2398 1135 2458 ut
1155 2393 1228 2460 iure
1251 2393 1302 2458 ed·

183 2510 385 2575 mirationem
415 2510 486 2574 eius
516 2514 645 2574 moveet
666 2509 853 2574 emendatio.
875 2507 1056 2594 Legebatur
1079 2527 1196 2594 nempe
1219 2508 1302 2594 apud

182 2623 361 2690 Varronem
394 2623 453 2709 vl,
477 2625 537 2688 82:
572 2623 740 2708 „Spectare
769 2623 889 2690 dictum
921 2623 961 2689 ab
992 2623 1137 2708 specio
1161 2624 1303 2708 entique,

185 2757 249 2823 quo
273 2739 367 2804 etiem
391 2737 518 2804 Ennius
542 2757 622 2804 usus
647 2742 711 2803 ost:

447 2901 516 2968 Vos
539 2902 633 2987 epnlo
655 2905 826 2987 postquem
849 2899 977 2986 spexit”

183 3079 219 3143 in
253 3097 317 3164 quo
357 3078 428 3143 loco
461 3078 596 3143 ridicule
629 3077 786 3143 sudarunt
821 3078 882 3141 viri
915 3077 1008 3162 docti,
1044 3095 1183 3162 quorum
1217 3097 1300 3143 unus

183 3193 366 3279 populos
400 3194 544 3259 coniecit
577 3191 715 3278 Egregie
747 3211 822 3258 vero
852 3189 1017 3269 Lucienus
1048 3190 1193 3276 Mueller,
1223 3211 1301 3258 usus

184 3309 255 3375 loco
278 3309 363 3394 epud
384 3307 532 3374 Festum:
556 3307 683 3393 „Spioit
701 3307 828 3374 Ennius
838 3308 859 3372 l.
871 3307 953 3373 XVI
966 3326 1048 3393 quos
1061 3306 1118 3373 nbi
1128 3308 1301 3374 rex...qu

183 3424 291 3508 spexit
304 3423 353 3490 ¹de
376 3422 503 3489 cotibus
526 3421 641 3489 celsis''
665 3423 807 3488 restituit
829 3441 959 3489 versum
986 3421 1191 3488 Ennianum:

319 3584 407 3664 Quos
428 3586 486 3651 ubi
508 3605 567 3652 rex
589 3584 695 3671 Epulo
718 3587 823 3671 spexit
847 3586 886 3652 de
909 3585 1034 3652 cotibus
1057 3585 1153 3652 celsis

170 3764 292 3850 ,egitur
326 3764 412 3831 enim
447 3761 487 3827 de
516 3760 600 3827 bello
630 3760 753 3846 Istrico,
785 3766 817 3828 et
840 3763 907 3848 regi
929 3761 1087 3828 istrorum
1111 3782 1232 3831 nomen
1256 3767 1301 3830 est

184 3877 288 3963 Epulo
322 3881 403 3944 teste
435 3874 528 3942 Livio
560 3874 647 3959 XLI,
672 3875 722 3941 ll.
745 3874 880 3942 Minime
902 3881 1010 3942 temen
1033 3877 1299 3961 praestantissimi

184 3993 288 4063 critici
322 3992 510 4058 auctoritate
542 4009 672 4056 moveor
704 3994 742 4055 ut
775 3990 869 4057 etiem
900 3990 970 4056 loco
1001 3990 1211 4077 Propertieno
1234 3994 1301 4061 eius

184 4105 316 4192 probem
349 4107 534 4173 lectionem:
570 4106 656 4189 „Ant
687 4105 766 4190 quid
797 4124 869 4190 epe
892 4103 1016 4171 Ohii'’.
1038 4104 1185 4172 Primum
1209 4108 1300 4192 enim,

184 4225 222 4289 nt
256 4222 320 4289 iem
354 4220 436 4288 illud
470 4239 544 4306 ope
573 4216 651 4302 (ἔπη)
682 4217 805 4304 probes,
836 4222 943 4285 tamen
965 4238 1038 4306 ope
1060 4225 1093 4285 et
1116 4221 1300 4287 carmina
