2954 5130
477 1650 643 1727 CAPUT
676 1650 892 1728 SEXTUM.

168 2289 251 2355 Nam
280 2310 372 2376 qnae,
395 2291 534 2375 obsecro,
557 2311 654 2357 eausa
677 2312 747 2358 esse
771 2296 876 2378 potuit
897 2313 956 2358 eur
977 2291 1149 2357 Horatium
1172 2290 1243 2354 imi-

124 2408 246 2469 taretur
268 2403 480 2489 Propertius?
502 2405 577 2490 Ipse
596 2407 692 2492 enim,
716 2406 814 2491 solus,
837 2409 907 2473 sine
931 2425 990 2491 ope
1005 2406 1109 2471 aliena
1129 2424 1242 2470 versus

122 2517 258 2582 faciebat
280 2517 475 2602 Propertius,
499 2519 550 2584 vel
572 2520 680 2603 potius
703 2526 867 2605 tamquam
891 2520 1068 2586 uberrimos
1087 2518 1205 2584 fluctus
1226 2537 1243 2583 e

51 2685 55 2694 .
122 2630 216 2716 pleno
249 2631 404 2697 fundebat
426 2637 561 2717 pectore.
591 2633 702 2718 Imago
725 2635 780 2699 itla
803 2637 872 2719 apis
895 2634 1035 2725 Matinae
1059 2652 1117 2718 per
1141 2632 1244 2717 pluri·

124 2764 212 2809 mum
253 2744 394 2810 laborem
424 2745 535 2829 thyma
567 2746 701 2831 legentis
735 2747 770 2810 in
793 2748 965 2812 neminem
999 2747 1109 2811 minus
1144 2764 1242 2831 quam

123 2859 159 2922 in
192 2857 284 2923 illum
320 2859 476 2923 convenit
512 2858 631 2943 Sponte
664 2861 693 2924 ei
719 2864 897 2925 nascuntur
916 2861 1059 2924 carmina
1080 2859 1242 2943 simulque

125 2991 234 3038 secum
257 2972 364 3038 ferunt
398 2973 554 3039 vocabula
577 2975 752 3058 aptissima.
775 2974 825 3040 Ita
850 2976 878 3040 si
901 2974 979 3059 quid
1002 2974 1181 3039 sexcenties
1202 2972 1243 3038 ab

123 3087 196 3152 aliis
219 3087 321 3172 potitis
345 3087 466 3152 dictum
491 3092 548 3171 est,
572 3088 628 3173 qui
652 3093 689 3154 ut
708 3108 805 3173 quam
825 3090 943 3173 optime
963 3088 1104 3183 dicerent
1115 3106 1242 3154 omnem
1354 3164 1356 3170 .

123 3200 339 3266 adhibuerunt
381 3201 587 3286 diligentiam,
621 3203 649 3267 si
682 3201 767 3267 idem
801 3202 878 3267 dicit
911 3201 1100 3286 Propertius
1134 3203 1242 3267 nescio
1330 3232 1333 3241 ·

124 3314 283 3399 quomodo
318 3334 439 3379 novum
474 3314 519 3379 fit.
551 3313 642 3380 Dabo
672 3315 872 3381 luculentum
898 3315 1090 3400 exemplum.
1116 3313 1243 3391 Quanto

124 3428 230 3495 Crassi
253 3430 359 3495 clades
384 3429 492 3495 dolore
516 3434 547 3496 et
570 3429 692 3514 pudore
715 3430 855 3495 affecerit
878 3430 1031 3516 populum
1051 3428 1244 3514 Romanum,

124 3564 220 3628 qnam
242 3545 350 3609 laetati
372 3545 438 3608 sint
462 3544 558 3627 cives,
582 3565 682 3628 quum
710 3543 839 3627 „Parthi
862 3545 1048 3609 Armeniam
1067 3544 1243 3608 vindicanti

123 3656 293 3743 Augusto’'
317 3656 425 3740 (verba
449 3663 525 3722 sunt
549 3657 704 3739 Suetonii)
730 3663 916 3740 „cesserunt
939 3664 970 3722 et
992 3659 1085 3742 signa
1097 3657 1245 3723 militaria

124 3791 206 3857 quae
236 3771 343 3836 Marco
371 3769 485 3836 Crasso
508 3776 540 3836 et
563 3771 671 3835 Marco
694 3772 835 3836 Antonio
859 3771 1044 3837 ademerant
1066 3773 1244 3856 reposcenti

123 3885 338 3969 reddiderunt,
362 3884 554 3969 obsidesque
577 3885 711 3968 insuper
731 3883 927 3967 obtulerunt,
945 3885 1084 3969 denique
1096 3884 1243 3969 pluribus

125 3998 287 4083 quondam
322 3998 361 4063 de
394 4017 494 4083 regno
530 3997 726 4063 certantibus
761 4017 826 4062 non
858 3999 920 4062 nisi
951 3998 990 4063 ab
1013 4001 1083 4082 ipso
1106 3998 1243 4063 electum

121 4111 437 4197 comprobaverunt’',
460 4114 631 4177 novimus:
656 4112 833 4196 permultos
858 4113 944 4177 enim
967 4112 1006 4177 de
1030 4131 1068 4177 ea
1088 4131 1123 4178 re
1143 4113 1241 4197 scrip-

121 4232 227 4294 torum
257 4232 489 4315 poetarumque
510 4229 597 4294 locos
619 4228 766 4314 legimus,
790 4227 847 4293 sed
868 4228 1022 4314 gaudium
1045 4228 1128 4293 illud
1152 4228 1238 4293 dolo·
