2954 5130
745 499 787 561 38

238 686 341 765 Quam
364 686 536 772 pulchrum
558 688 600 752 sit
623 705 752 752 carmen
776 685 833 769 IV,
858 686 877 749 5
897 704 1058 770 exponere
1077 705 1158 770 opus
1178 690 1313 771 nonest,

195 803 252 869 sed
285 804 346 867 hoc
382 802 453 866 dico
488 801 574 866 ultro
605 803 634 866 ei
665 800 822 866 maculam
854 800 1027 884 aspersisse
1049 800 1156 883 ipsum
1178 803 1313 882 poetam.

194 918 333 983 Eximiis
356 915 507 982 laudibus
531 916 674 1001 Augusti
693 916 733 980 de
752 914 915 1000 republica
935 915 1200 997 meritaexornat,
1212 934 1313 997 quan·

193 1037 264 1097 tum
299 1029 377 1095 boni
411 1031 481 1095 eius
515 1050 593 1095 cura
623 1029 778 1093 Romanis
808 1029 958 1112 attulerit,
990 1048 1086 1112 quam
1108 1034 1214 1112 gratos
1238 1047 1313 1113 erga

193 1165 268 1212 eum
302 1163 373 1210 esse
407 1146 493 1209 cives
524 1144 633 1208 deceat
664 1145 800 1227 egregiis
832 1142 979 1207 versibus
1012 1141 1177 1207 describit:
1209 1144 1311 1207 tutia

192 1260 370 1328 latronibus
405 1263 481 1324 sunt
514 1257 680 1342 agricolae,
711 1277 730 1321 a
760 1257 871 1340 piratis
902 1257 967 1321 iam
990 1255 1052 1322 sibi
1073 1275 1138 1319 non
1162 1260 1310 1321 metuunt

192 1374 335 1461 pericula
366 1373 503 1453 navitae,
535 1369 747 1455 prudentibus
778 1371 921 1454 Augusti
951 1372 1076 1457 legibus
1107 1391 1210 1437 mores
1235 1377 1310 1437 sunt

192 1489 360 1570 emendati,
390 1505 464 1551 cum
489 1486 659 1550 securitate
682 1484 802 1549 laetitia
825 1486 929 1568 rediit,
953 1492 1120 1571 ceteraque
1143 1485 1307 1550 eiusmodi.

192 1603 255 1669 Sed
276 1603 369 1686 po'e'ta
392 1602 562 1663 externum
585 1597 765 1660 carminum
788 1617 921 1662 suorum
942 1604 1090 1664 ornatum
1109 1617 1184 1682 prae
1196 1600 1308 1665 ceteris

191 1734 303 1782 curare
325 1712 448 1793 solitus,
472 1709 672 1774 obliviscitur
693 1711 827 1774 unicum
850 1709 926 1775 boni
949 1716 1060 1797 poetae
1083 1731 1152 1777 esse
1168 1710 1306 1776 officium

191 1829 277 1913 quod
300 1827 430 1912 penitus
453 1824 569 1888 sentiat
591 1822 752 1906 gravibus,
776 1826 867 1909 aptis,
892 1829 1018 1893 canoris
1038 1828 1205 1892 enuntiare
1216 1846 1306 1892 voca·

189 1942 291 2021 bulis;
323 1937 416 2003 facile
447 1955 531 2017 eum,
562 1937 596 2000 si
621 1938 722 2020 quid
746 1941 956 2024 omiserit,
978 1942 1105 2006 veniam
1128 1942 1305 2026 impetrare,

188 2053 361 2121 dummodo
391 2049 424 2113 id
449 2049 534 2133 quod
558 2054 651 2114 canat
674 2070 767 2117 aures
790 2054 988 2136 permulceat
1010 2059 1214 2138 mentemque
1237 2074 1306 2140 per-

188 2168 280 2235 cellat
311 2169 409 2248 atque
439 2167 645 2227 commoveat.
668 2163 754 2249 Ergo
778 2185 819 2231 ne
843 2167 1009 2252 negligens
1031 2169 1187 2247 videatur,
1209 2169 1304 2234 nimis

185 2282 355 2346 accuratus
391 2280 454 2340 est:
489 2276 524 2338 in
561 2275 719 2342 bonorum
755 2299 837 2363 quae
871 2281 1022 2366 Augusto
1056 2284 1142 2347 cives
1178 2286 1303 2366 accepta

184 2393 323 2460 referant
356 2390 596 2479 enumeratione
628 2411 693 2455 non
724 2392 833 2459 deesse
856 2415 950 2478 posse
974 2396 1074 2461 credit
1097 2401 1300 2462 externorum

184 2505 325 2570 hostium
350 2502 554 2586 mentionem,
578 2505 635 2588 qui
654 2510 747 2571 antea
765 2509 948 2590 provincias
967 2507 1129 2575 Romanas
1141 2512 1302 2595 vastarint,

183 2635 271 2683 nunc
306 2634 341 2681 se
376 2633 505 2680 movere
538 2636 604 2680 non
628 2618 773 2684 audeant.
799 2619 863 2697 Qui
886 2641 928 2687 ne
951 2624 1048 2690 nimis
1072 2625 1128 2688 diu
1151 2625 1301 2690 lectorem

183 2733 347 2795 morentur
371 2747 482 2794 omnes
504 2731 539 2793 in
563 2731 645 2797 hane
669 2753 767 2798 unam
791 2741 951 2821 coguntur
974 2740 1153 2822 stropham:

315 2888 395 2967 Quis
418 2890 573 2959 Parthum
598 2901 720 2980 paveat,
744 2899 818 2982 quis
839 2900 980 2984 gelidum
1005 2901 1154 2986 Scythen,

314 3002 395 3081 Quis
420 3005 590 3074 Germania
613 3029 695 3094 quos
717 3011 846 3077 horrida
867 3016 1006 3098 parturit

313 3116 410 3184 Fetus
433 3120 588 3187 incolumi
611 3122 768 3189 Caesare?
793 3122 873 3201 Quis
896 3127 981 3192 ferae

445 3233 574 3301 Bellum
598 3243 689 3303 curet
710 3237 887 3305 Hiberiae?

224 3397 310 3477 Quid
352 3407 466 3473 attinet
502 3410 554 3476 hie
589 3432 664 3477 oum
698 3413 918 3499 Peerlkampio
953 3436 1010 3499 pro
1044 3418 1159 3484 fetus
1193 3420 1298 3505 legere

179 3504 339 3582 motus?
380 3518 496 3588 Nonne
535 3526 563 3590 si
596 3525 771 3610 legentium
805 3527 978 3612 voluptatis
1013 3549 1110 3596 causa
1143 3530 1297 3599 Horatius

178 3624 321 3695 edendus
344 3639 437 3718 esset,
460 3640 560 3702 totam
583 3640 691 3723 potius
716 3641 894 3706 doleremus
918 3644 1105 3727 stropham?

222 3737 379 3811 Carminis
401 3745 460 3831 111,
486 3750 525 3812 16
551 3753 638 3835 qnod
658 3755 700 3818 sit
719 3758 943 3837 argumentum
957 3756 1043 3821 haud
1053 3758 1146 3823 facile
1158 3759 1294 3826 dixeris:

177 3859 301 3920 constat
336 3858 375 3923 de
406 3879 485 3926 auro
518 3863 703 3950 divitiisque
726 3867 786 3951 agi,
810 3866 866 3946 sed
890 3875 967 3933 sunt
991 3870 1107 3936 selecta
1129 3878 1294 3958 tamquam

178 3967 281 4050 capita
303 3988 322 4035 e
344 3974 534 4058 scriptorum
559 3979 598 4044 de
622 3980 766 4046 moribus
789 3979 890 4064 libris,
914 3985 996 4049 male
1019 3986 1103 4050 inter
1125 4005 1160 4052 se
1183 3990 1294 4055 cohae-

175 4081 278 4146 rentia
310 4085 361 4149 vel
392 4090 499 4172 potius
531 4093 613 4156 male
644 4094 728 4159 inter
758 4113 793 4159 se
815 4096 932 4161 iuncta.
956 4098 1102 4164 Primum
1126 4101 1294 4168 laudari

174 4193 245 4255 auri
278 4200 419 4279 potentia
456 4202 598 4269 videtur:
634 4207 713 4290 quid
745 4209 830 4274 enim
861 4211 949 4276 aliud
980 4212 1041 4277 sibi
1072 4216 1143 4280 vult
1165 4214 1292 4284 Danais
