2954 5130
718 505 759 566 41

593 695 624 754 et
647 689 704 772 illi,
727 708 809 774 quos
831 690 890 754 tibi
913 691 1078 764 demserit,

403 803 552 886 Apponet
576 823 686 869 annos.

222 965 304 1030 Tum
329 965 436 1030 subito
461 966 611 1032 omnibus
636 968 742 1033 missis
767 967 956 1054 ambagibus
980 969 1133 1053 omnique
1155 969 1299 1054 neglecto

182 1086 368 1145 ornamento

800 1196 864 1259 iam
886 1202 1035 1280 proterva

443 1306 561 1372 Fronte
584 1313 670 1391 petet
692 1306 809 1394 Lalage
832 1310 993 1374 maritum.

225 1479 323 1544 Vides
368 1483 542 1565 quamsit
582 1481 731 1547 omnibus
765 1484 908 1548 numeris
942 1483 1126 1548 absolutum
1161 1503 1298 1568 carmen,

179 1612 276 1677 quam
310 1594 404 1678 plene
438 1600 530 1659 sonet
565 1597 635 1661 eins
663 1597 816 1662 clausula.
840 1597 937 1662 Haud
960 1600 1005 1663 ita
1027 1600 1134 1664 visum
1157 1598 1301 1684 Horatio,

179 1707 229 1772 vel
262 1710 370 1792 potius
400 1729 499 1794 prava
530 1710 648 1775 ductus
680 1711 848 1795 diligentia
877 1713 923 1777 ita
946 1732 980 1778 se
1003 1732 1070 1777 rem
1093 1713 1210 1780 habere
1233 1735 1297 1779 non

179 1822 287 1886 sensit.
322 1821 397 1900 Non
427 1824 537 1888 deesse
568 1843 662 1908 posse
692 1825 827 1890 credidit
848 1825 976 1890 illarum
1000 1828 1193 1892 mentionem
1218 1849 1299 1912 quas

179 1941 272 2000 antea
306 1938 420 2002 amarit
453 1939 585 2021 amians,
620 1939 675 2003 sed
706 1959 771 2002 non
802 1944 891 2004 tanto
923 1941 1035 2005 ardore
1068 1947 1188 2025 quanto
1211 1962 1299 2007 nunc

179 2047 319 2133 Lalagen
344 2051 462 2135 diligat
484 2051 626 2117 Pholoen
650 2071 724 2137 ergo
747 2055 899 2137 nominat,
924 2052 1121 2135 Chloridem3
1147 2055 1187 2120 ad
1209 2056 1297 2121 illam

178 2169 285 2229 autem
316 2164 373 2230 ubi
403 2172 594 2250 perventum
625 2173 674 2233 est
697 2168 806 2233 haeret
828 2188 934 2253 neque
956 2168 1051 2233 habet
1076 2189 1140 2254 quo
1165 2189 1200 2234 se
1224 2189 1299 2234 con-

179 2285 297 2360 vertat3
332 2282 463 2345 viatoris
498 2281 612 2346 similis
647 2287 694 2347 est
723 2285 779 2367 qui
810 2285 934 2368 vesperi
958 2303 1054 2368 prope
1079 2284 1295 2350 deversorium

177 2395 295 2459 amissa
317 2396 430 2460 semita
452 2396 595 2460 incertus
619 2401 703 2460 errat
726 2402 757 2461 et
780 2396 841 2461 sub
862 2397 935 2461 divo
948 2403 1121 2482 pernoctat.
1133 2397 1296 2464 Nitentem

177 2509 263 2573 enim
272 2507 430 2573 Chloridis
443 2509 615 2574 humerum
627 2516 788 2594 comparat
800 2513 940 2596 primum
954 2530 1028 2576 cum
1040 2512 1126 2596 luna,
1139 2513 1262 2579 deinde.
1273 2564 1297 2579 ..

178 2640 250 2686 oum
284 2621 374 2707 Gyge
404 2643 577 2706 puerorum
606 2624 847 2690 formosissimo.
877 2625 945 2689 Iam
970 2626 1030 2689 hou
1051 2627 1128 2691 satis
1151 2628 1297 2713 ineptum

179 2737 265 2820 quod
300 2739 546 2821 comparationis
579 2758 676 2803 oausa
707 2740 804 2803 simul
826 2740 903 2803 luna
928 2745 960 2804 et
982 2759 1063 2824 puer
1084 2740 1201 2825 aliquis
1225 2743 1298 2807 affe-

178 2856 313 2932 runtur3
348 2853 489 2936 ineptius
522 2858 630 2917 tamen
662 2854 741 2917 mihi
772 2855 900 2918 videtur
931 2854 1018 2938 quod
1048 2860 1208 2938 postremo
1232 2861 1298 2922 tota

177 2965 307 3030 additur
329 2966 458 3050 stropha
481 2964 581 3051 Gygis
604 2966 755 3032 laudibus
774 2967 900 3052 repleta
922 2968 974 3033 Sin
996 2968 1081 3052 quod
1095 2987 1164 3034 esse
1174 2974 1297 3053 poterat

178 3097 306 3143 carmen
340 3079 574 3164 lepidissimum
606 3079 646 3145 ab
675 3082 745 3166 ipso
776 3085 868 3166 poeta
891 3082 1080 3167 languidum
1104 3084 1224 3149 fautum
1249 3090 1298 3150 est

178 3194 339 3278 taediique
362 3194 504 3278 plenum.

220 3307 279 3390 111,
305 3308 354 3371 18.
389 3307 537 3372 Faunum
568 3314 732 3392 pastorum
763 3308 858 3372 deum
889 3311 974 3373 ruris
997 3314 1120 3374 amator
1141 3309 1296 3378 Horatius

176 3420 352 3505 alloquitur
385 3423 527 3486 carmine
563 3422 649 3505 quod
684 3422 949 3486 venustissimum
980 3441 1050 3488 esse
1080 3424 1245 3507 potuisset,
1269 3426 1296 3490 si

176 3532 280 3598 tribus
304 3538 474 3599 contentus
496 3533 610 3599 fuisset
633 3534 790 3618 strophis;
815 3555 903 3599 nuno
925 3555 1022 3599 unam
1044 3537 1138 3600 etiam
1150 3537 1295 3603 addendo

177 3649 284 3712 omnia
317 3649 461 3733 perdidit.
498 3647 537 3711 In
573 3668 637 3732 qua
670 3648 828 3731 permulta
858 3667 928 3714 esse
960 3648 1190 3715 absurdissima
1211 3655 1297 3716 reete

178 3760 361 3826 observavit
398 3760 656 3847 Peerlkampius:
692 3781 823 3828 securae
858 3763 984 3847 quietis,
1021 3764 1125 3848 qualis
1159 3763 1295 3850 Saturno

176 3879 329 3960 regnante
363 3874 435 3960 fuit,
470 3876 654 3960 exemplum
688 3875 820 3941 affertur
853 3896 919 3940 non
954 3896 1057 3961 agnus
1088 3879 1172 3942 inter
1202 3878 1296 3963 lupos

177 3990 299 4072 placide
329 3990 476 4074 gramina
506 4009 647 4074 carpens,
679 3991 735 4054 sed
765 3991 863 4074 lupus
887 3991 971 4055 inter
993 3991 1174 4057 audaces
1197 4012 1297 4077 agnos

177 4122 285 4168 errans
310 4105 426 4187 (neque
449 4108 556 4168 tamen
580 4104 729 4169 timidus:
754 4105 801 4168 sic
821 4105 906 4168 enim
926 4107 1116 4169 sententiam
1129 4107 1296 4191 cogitando

181 4218 327 4302 supplere
358 4219 472 4302 possis,
503 4237 570 4282 non
592 4218 710 4300 aliter);
734 4218 890 4304 agricolae
919 4220 1063 4286 invisa
1086 4239 1156 4286 esse
1179 4218 1295 4286 dieitur
