2954 5130
652 516 823 609 ar·

120 701 293 767 (iussorum
306 702 457 767 *hostium
476 721 572 767 cruor
590 702 684 768 militi
704 702 809 768 decori
830 721 900 768 esse
919 706 1039 788 potest,
1060 704 1239 789 pulvere

123 815 268 901 oppletur
289 835 354 880 non
379 817 486 900 quiris
510 817 613 881 viator
636 815 738 881 solum
764 816 820 881 sed
844 817 937 882 etiarn
962 815 1054 882 miles
1077 819 1135 901 qui
1153 818 1240 902 turpi

121 927 198 1013 fuga
220 928 343 995 hostem
366 930 474 994 evasit
496 927 635 995 Videtur
658 934 764 995 antem
784 929 872 994 istud
890 929 1067 1015 pulvere
1086 929 1126 995 de
1144 930 1239 995 indu·

123 1043 200 1107 stria
234 1042 389 1127 posuisse.
416 1046 509 1128 poeta
542 1047 580 1107 ut
615 1041 807 1108 vocabulum
846 1044 1055 1128 sanguine
1088 1043 1238 1108 evitaret:

122 1156 192 1240 ipse
226 1157 321 1240 enim,
351 1160 388 1221 ut
417 1158 538 1240 opinor,
568 1157 694 1242 egregie
716 1157 815 1222 sensit
839 1176 936 1240 quam
957 1156 1133 1222 absurdum
1156 1161 1240 1222 esset

121 1271 260 1354 primum
284 1270 388 1336 dioere
411 1270 518 1337 civilia
537 1290 624 1335 arma
643 1270 826 1335 nondum
844 1271 1034 1355 expiatis
1053 1289 1123 1336 esse
1143 1274 1240 1336 uncta

123 1382 299 1467 cruoribus,
334 1383 447 1449 deinde
478 1382 584 1450 subito
615 1383 772 1450 affirmare
793 1384 971 1449 fraternum
992 1384 1085 1449 illum
1109 1386 1240 1470 sangui·

123 1517 197 1563 nem
231 1497 296 1562 illis
331 1499 388 1581 qui
421 1498 632 1583 profuderunt
666 1498 779 1563 honori
812 1498 964 1583 laudique
998 1497 1105 1564 fuisse.
1136 1498 1240 1584 Igitur

123 1612 254 1677 aiteram
277 1610 481 1678 absurditatis
500 1616 621 1697 partem
641 1612 780 1695 sustulit,
800 1616 899 1677 totam
918 1613 1028 1678 toliere
1040 1632 1106 1677 non
1118 1615 1239 1698 potuit:

126 1745 227 1813 quum
257 1727 343 1791 enim
373 1725 412 1791 de
442 1745 477 1790 re
505 1729 570 1790 tam
602 1726 685 1791 tristi
714 1745 810 1810 quam
839 1725 959 1791 bellum
992 1726 1086 1792 oiviie
1117 1730 1166 1792 est
1195 1726 1241 1792 lo·

126 1839 265 1923 quimur‚
296 1839 387 1905 laetis
417 1840 607 1923 honoris,
630 1840 791 1924 laudis,
814 1840 980 1905 decoris
1003 1840 1169 1906 vocabulis
1193 1845 1242 1907 est

126 1951 359 2018 abstinendum.
382 1953 483 2017 Addit
504 1957 629 2018 autem:

346 2115 388 2180 Et
410 2120 525 2180 cuncta
547 2120 703 2181 terrarum
727 2115 859 2181 subaota

392 2229 524 2294 Praeter
544 2234 682 2295 atrocem
706 2231 850 2295 animum
874 2229 1011 2296 Catonis.

171 2402 241 2481 Quo
272 2404 365 2469 modo
395 2404 473 2470 haec
503 2424 577 2469 oum
607 2405 869 2490 praecedentibus
898 2407 1090 2472 cohaerent?
1115 2406 1238 2473 Vellem

127 2517 280 2584 Horatius
298 2518 482 2602 ,scripsisset
504 2518 591 2602 quod
615 2520 751 2584 coniecit
773 2518 1032 2604 Peerlkampius:

348 2680 469 2746 Sudore
491 2700 623 2766 magnos
646 2681 710 2745 iam
734 2681 826 2746 video
851 2681 959 2765 duces,

127 2859 171 2923 ita
192 2857 380 2943 gravissimo
402 2855 591 2921 liberaretur
613 2856 691 2921 vitio
714 2860 815 2939 poeta.
838 2855 901 2920 Sed
925 2858 1004 2940 quin
1025 2859 1188 2943 scripserit
1208 2857 1241 2922 id

128 2970 214 3054 quod
237 2989 324 3034 nuno
347 2968 484 3055 legimus
508 2969 581 3053 quis
604 2967 750 3033 dubitare
773 2968 912 3034 audeat?
933 2968 1017 3034 Illud
1038 2973 1242 3036 autemeius·

128 3084 214 3148 modi
248 3087 296 3148 est
329 3086 367 3147 ut
396 3101 459 3167 quo
491 3083 592 3166 magis
623 3082 662 3147 de
693 3100 730 3147 eo
759 3087 866 3146 teoum
891 3082 1055 3167 deliberes,
1078 3103 1115 3149 eo
1138 3087 1240 3170 magis

127 3196 250 3262 mireris
292 3201 404 3281 poetae
439 3194 586 3261 excidere
620 3195 771 3280 potuisse.
807 3192 891 3271 Quia
925 3197 1035 3261 enim?
1070 3196 1131 3262 Ma
1138 3217 1243 3282 gnos

128 3310 255 3376 duces
286 3329 366 3375 non
391 3310 593 3375 indecoro
615 3309 792 3393 pulvere
814 3310 1012 3376 sordidos
1036 3318 1067 3377 et
1089 3318 1243 3378 ounota

127 3429 335 3489 terrarum
368 3423 544 3488 subacta
573 3427 745 3507 praeter
768 3427 949 3488 atrocem
973 3427 1153 3491 animum
1178 3425 1243 3491 Oa-

128 3541 260 3621 tonis,
288 3537 350 3603 sibi
379 3537 475 3602 simul
503 3536 615 3602 audire
637 3537 700 3601 iam
726 3537 852 3603 videtur
874 3537 1045 3621 Horatius;
1069 3541 1145 3605 haeo
1168 3560 1243 3627 ergo

129 3653 256 3718 simul
274 3652 382 3717 audiet
399 3652 506 3734 lector,
526 3650 668 3716 eodem
690 3655 874 3735 tempore
892 3654 942 3717 aio
960 3659 991 3718 et
1011 3655 1154 3719 simul:
1177 3675 1244 3719 am-

129 3767 188 3833 bae
210 3768 297 3832 enim
319 3785 370 3831 res
391 3766 437 3830 ita
455 3763 494 3829 ab
517 3764 650 3830 Horatio
668 3770 902 3849 proponuntur,
921 3770 986 3831 tarn
998 3772 1066 3832 arto
1079 3787 1243 3835 connexae

129 3881 268 3964 vinculo,
293 3884 329 3944 ut
352 3880 430 3964 quin
453 3885 602 3963 tempore,
620 3877 698 3961 ioco,
720 3897 837 3963 genere
856 3881 1135 3946 coniunctissimae
1154 3880 1194 3946 ab
1206 3901 1243 3947 eo

128 3997 292 4082 fingantur
310 4015 375 4060 non
386 3996 487 4080 possit
499 3993 645 4059 dubitari.
659 3991 744 4070 Quid
755 3994 854 4079 ergo?
867 3993 970 4059 Simul
981 3995 1130 4062 audimus
1143 3996 1243 4062 duoes

129 4111 410 4195 (caesarianorum,
428 4116 466 4176 nt
485 4111 606 4195 opinor,
625 4110 775 4194 partium)
796 4109 1115 4175 orationeshabentes
1130 4114 1200 4175 et..
1214 4157 1243 4175 ..

131 4227 217 4317 quid,
251 4224 395 4311 quaeso?
434 4224 488 4288 An
521 4242 539 4288 e
572 4222 799 4289 diversissimis
833 4228 1034 4290 acemoentes
1069 4223 1243 4308 provinciis
