2954 5130
759 498 801 560 82

217 662 293 752 rum
323 689 516 752 vaticinatur
545 706 643 770 quam
665 686 722 770 qui
745 684 911 750 beatorum
934 686 1058 751 insulas
1081 686 1231 751 describit
1253 688 1339 750 ruris

219 802 328 866 laudat
361 802 592 865 amoenitatem.
626 799 725 864 Ruris
748 818 823 883 ergo
847 804 1003 865 amatores
1027 806 1103 865 eunt
1127 806 1158 865 et
1180 799 1338 885 Virgilius

220 921 251 980 et
283 915 448 999 Horatius,
483 913 540 978 sed
569 913 656 978 haud
689 912 770 978 levis
804 914 887 978 inter
917 931 972 978 eos
1002 915 1062 978 hac
1094 933 1223 998 quoque
1245 915 1280 978 in
1303 933 1338 978 re

219 1034 268 1095 est
291 1029 475 1093 differentia

262 1142 429 1207 Praediolo
454 1161 512 1206 suo
536 1140 710 1206 delectetur
732 1140 887 1205 Horatius
907 1147 939 1207 et
957 1142 1073 1226 lepidis
1092 1143 1338 1228 venustatisque

219 1256 366 1321 versibus
389 1256 519 1320 laudare
541 1255 623 1319 illud
646 1254 735 1338 solet,
759 1257 899 1339 quietem
919 1257 1005 1320 enim
1018 1258 1048 1321 ei
1059 1256 1197 1341 praebet,
1208 1257 1337 1342 legendi

219 1370 433 1454 studendique
462 1368 654 1451 facultatem,
685 1369 826 1453 placidos
849 1389 994 1450 somnos3
1019 1377 1134 1436 nocent
1157 1373 1227 1436 eius
1251 1373 1337 1436 vale·

219 1484 325 1548 tudini
354 1482 499 1547 infirmae
526 1481 641 1546 urbani
664 1482 817 1547 clamores
839 1503 1090 1568 concursusque,
1113 1504 1241 1550 crassus
1264 1504 1336 1549 aer:

219 1598 295 1662 inde
325 1616 400 1682 ergo
423 1616 480 1662 rus
510 1595 652 1680 profugit
683 1596 740 1661 ubi
770 1616 851 1680 puro
881 1598 980 1682 coelo,
1002 1598 1135 1683 limpida
1158 1619 1195 1663 ao
1219 1599 1339 1664 salubri

219 1732 303 1797 aqua
327 1716 496 1784 recreatur,
520 1709 576 1774 ubi
600 1709 747 1775 versibus
770 1709 925 1776 faciendis
949 1731 1075 1795 operam
1099 1713 1174 1777 dare
1197 1718 1228 1777 et
1240 1712 1336 1778 Grae

139 1864 141 1868 »
222 1845 333 1890 oerum
357 1825 474 1908 scripta
496 1823 722 1908 philosophica,
746 1843 828 1908 quae
851 1824 979 1908 quidem
1004 1844 1069 1888 non
1092 1827 1189 1890 nimis
1202 1825 1338 1891 obscura

222 1939 412 2002 intricatave
444 1939 517 2020 sint,
548 1937 732 2020 pervolvere
762 1942 875 2020 potest,
898 1957 963 2001 non
987 1957 1103 2002 canum
1125 1938 1250 2020 latratu,
1273 1958 1338 2003 ser-

220 2073 332 2118 vorum
365 2057 396 2117 et
427 2051 577 2136 opificum
602 2050 834 2133 vociferatione,
857 2057 999 2116 rotarum
1023 2054 1157 2137 strepitu
1179 2052 1335 2117 turbatus.

219 2168 308 2232 Nihil
341 2173 447 2232 tamen
481 2167 583 2251 magis
618 2167 730 2230 metuit
765 2185 862 2250 quam
896 2185 937 2259 ne
966 2167 1001 2229 in
1031 2185 1068 2231 ea
1097 2167 1192 2231 laude
1216 2168 1336 2232 nimius

220 2282 382 2362 videatur;
417 2299 491 2363 ergo
526 2284 694 2363 postquam
725 2280 808 2343 vitae
837 2280 976 2343 rusticae
999 2278 1081 2343 bona
1104 2280 1334 2365 commodaque

221 2395 330 2459 multis
364 2392 535 2458 celebravit
568 2391 723 2474 versibus,
754 2391 861 2456 subito
891 2393 925 2455 in
948 2394 1049 2457 risum
1074 2393 1245 2477 iocumque
1268 2413 1334 2458 rem

220 2509 316 2573 vertit
339 2526 437 2592 seque
459 2507 592 2571 lectores
614 2505 752 2571 ludibrio
777 2504 928 2570 habuisse
953 2507 1099 2570 simulat:
1125 2525 1337 2591 quaecunque

124 2615 127 2619 ’
221 2623 307 2687 enim
342 2622 497 2686 hactenus
527 2620 644 2684 dixerit
673 2639 737 2683 non
769 2639 828 2683 sua
859 2637 931 2684 esse
952 2617 1049 2683 verba
1072 2619 1128 2683 sed
1150 2618 1337 2684 feneratoris

220 2735 297 2799 Alfii
326 2733 493 2820 signifieat,
524 2752 618 2819 quem
643 2733 783 2797 taedium
808 2731 956 2814 urbanae,
979 2733 1173 2798 desideriam
1197 2734 1336 2798 rusticae
1358 2749 1363 2771 ¹

222 2851 307 2914 vitae
342 2848 448 2913 subito
480 2849 598 2933 ceperit
628 2846 799 2931 subitoque
820 2847 1000 2931 reliquerit:
1026 2849 1083 2932 qui
1106 2849 1190 2912 enim
1214 2849 1278 2912 iam
1302 2849 1336 2911 in

223 2983 260 3028 eo
290 2965 332 3028 sit
362 2967 398 3028 ut
428 2964 564 3047 pecunia
596 2981 613 3027 e
634 2961 799 3027 fenoribus
822 2962 952 3026 collecta
975 2962 1141 3047 praedium
1165 2968 1248 3028 emat
1272 2983 1337 3048 quo

222 3078 325 3162 primo
360 3094 489 3161 quoque
523 3075 626 3140 evolet
659 3080 809 3160 tempore,
838 3095 952 3159 parum
982 3075 1075 3139 illum
1107 3081 1208 3140 semet
1229 3077 1336 3160 ipsum

223 3192 419 3275 cognovisse,
454 3209 529 3254 mox
563 3191 648 3254 euim
679 3190 768 3254 nullo
798 3195 948 3255 monente
975 3191 1115 3255 sensisse
1137 3190 1198 3255 sibi
1221 3190 1336 3255 lucello

224 3305 310 3390 quod
343 3304 450 3368 forum
485 3304 633 3389 praebeat
665 3304 747 3368 nihil
780 3322 850 3369 esse
885 3305 998 3369 carius.
1029 3304 1128 3369 Poeta
1149 3310 1257 3370 autem
1280 3306 1338 3390 qui

225 3438 307 3504 quae
329 3418 476 3484 versibus
500 3423 634 3483 exornat
656 3423 731 3503 toto,
753 3424 791 3484 ut
813 3421 913 3503 aiunt,
934 3424 1061 3503 pectore
1084 3423 1168 3483 amet
1187 3439 1252 3483 non
1271 3424 1336 3483 tam

224 3532 264 3598 ad
287 3535 395 3598 iocum
418 3531 658 3616 ludibriumque
678 3551 856 3618 propensus
875 3551 945 3598 esse
957 3534 1053 3610 solet3
1073 3537 1122 3598 est
1133 3551 1208 3618 ergo
1220 3551 1337 3598 venus·

224 3647 368 3711 tissimus
401 3646 455 3711 ille
489 3646 606 3731 epodos
639 3650 765 3728 satyrae
799 3665 896 3731 quam
932 3647 1082 3711 carminis
1112 3647 1206 3729 lyrici
1237 3648 1337 3712 multo

224 3761 365 3825 similior.
388 3759 544 3845 Virgilius
566 3778 641 3824 vero
664 3777 747 3844 quae
770 3759 809 3824 da
830 3778 906 3824 rure
925 3763 1031 3824 cantat
1048 3763 1160 3844 peetus
1179 3764 1338 3826 testantur

224 3875 341 3939 sinceri
362 3873 494 3958 plenum
518 3873 644 3937 amoris.
666 3870 712 3936 Ut
733 3890 846 3936 versus
868 3870 962 3936 faciat
982 3891 1048 3936 non
1069 3872 1174 3937 laudis
1193 3873 1336 3939 studium

225 4005 299 4051 eum
322 3986 466 4071 impellit,
485 4005 549 4050 non
568 3986 690 4070 peritus
710 3985 811 4050 videri
831 3984 902 4049 vult
922 3984 1113 4050 Graeoomm
1127 3987 1269 4051 imitator
1281 3989 1339 4071 qui

226 4100 386 4166 difficilem
412 4101 551 4184 aliquem
570 4099 710 4165 laborem
729 4099 863 4164 feliciter
881 4101 1086 4185 superaverit.
1103 4098 1152 4165 De
1170 4100 1339 4167 laborans

226 4216 343 4301 cogitat
363 4214 510 4300 quidem:
534 4212 666 4300 „Ipsae”
686 4215 730 4279 ait
751 4233 821 4297 „me
835 4215 970 4280 incitant
981 4214 1214 4299 sublevantque
1225 4214 1339 4282 Musae
