2954 5130
674 600 677 607 Ι
708 513 770 576 no

178 697 325 782 hibitum,
348 700 392 764 ita
415 703 615 782 exornatum,
640 704 676 764 ut
696 699 735 763 ab
756 718 793 764 eo
813 700 963 765 inventus
983 700 1136 766 videatur.
1150 699 1293 765 Colorem

177 814 263 877 enim
287 815 446 896 quendam
466 816 495 878 ei
519 812 648 898 praebet
670 833 802 895 novum,
825 814 1035 898 ardoremque
1057 816 1170 879 oeteris
1193 816 1294 878 omni·

179 926 240 992 bus
262 929 470 1013 incognitum.

222 1163 363 1246 Poetam,
389 1164 447 1248 qui
470 1165 539 1228 sine
562 1182 598 1229 ea
617 1165 725 1228 vivere
747 1182 852 1248 neque
872 1163 942 1228 vult
961 1181 1066 1247 neque
1078 1168 1190 1248 potest,
1202 1183 1294 1248 saepe

178 1277 315 1360 Cynthia
338 1278 458 1362 effugit.
483 1275 637 1343 Desertus
660 1296 734 1362 ergo
758 1277 812 1342 ille
834 1277 1027 1341 lamentatur
1045 1276 1292 1362 (1,12,13sq.):
1350 1318 1353 1324 -

309 1437 405 1504 Nune
427 1441 566 1524 primum
590 1439 701 1524 longas
725 1439 813 1504 solus
837 1458 1029 1523 cognoscere
1054 1444 1162 1504 noctes

355 1551 457 1639 (logor
479 1553 601 1638 etipse
623 1554 703 1618 meis
726 1551 861 1617 auribus
884 1571 954 1617 esse
973 1554 1088 1637 gravis.

222 1727 348 1811 Longas
369 1727 603 1812 diuturnaeque
627 1729 744 1812 cogitat
762 1726 817 1791 illa
836 1727 1113 1811 peregrinationes,
1132 1727 1184 1791 hio
1195 1729 1295 1812 gemit

179 1843 390 1927 queriturque
413 1842 449 1926 (l,
473 1845 521 1925 8):

311 2003 401 2068 Tune
422 2004 522 2088 igitur
545 2003 685 2086 demens,
708 2022 768 2068 neo
791 2008 823 2068 te
846 2021 916 2067 mea
939 2022 1014 2068 onra
1039 2003 1204 2068 moratur?

353 2119 408 2182 An
432 2117 491 2182 tibi
517 2137 590 2182 sum
613 2117 719 2201 gelida
739 2117 835 2181 vilior
857 2116 977 2200 illyria,

310 2231 352 2296 Et
374 2230 433 2296 tibi
456 2232 519 2296 iam
544 2233 633 2314 tanti,
657 2235 883 2325 quicunquest,
905 2233 966 2295 iste
989 2231 1124 2314 videtur,

355 2343 399 2409 Ut
422 2346 491 2410 sine
513 2363 565 2409 me
587 2349 683 2409 vento
707 2344 849 2429 quolibet
871 2346 918 2409 ire
941 2343 1029 2409 velis.

222 2520 285 2586 Sed
319 2526 439 2605 quanto
473 2521 614 2587 exsultat
644 2521 761 2606 gaudio
793 2519 849 2585 ubi
881 2520 1017 2602 Cynthia
1039 2518 1186 2603 preoibus
1211 2520 1295 2583 vieta

180 2635 219 2699 de
238 2636 397 2720 proposito
417 2635 546 2700 destitit
561 2633 691 2700 Novum
703 2635 788 2699 enim
802 2653 929 2699 oarmen
942 2635 988 2698 sio
1000 2632 1167 2698 exorditur
1178 2631 1214 2716 (1,
1227 2631 1294 2714 8bt:

313 2795 376 2861 Hie
399 2797 475 2861 eritl
498 2796 550 2860 hio
570 2798 676 2861 iurata
700 2796 823 2860 manet!
848 2799 1039 2879 rumpantur
1061 2796 1183 2879 iniqui!

357 2908 521 2975 Vicimus:
547 2908 694 2975 assiduas
716 2927 782 2972 non
805 2908 879 2972 tulit
901 2907 956 2971 illa
978 2926 1097 2991 preces.

225 3086 288 3152 Sed
307 3087 455 3171 quamvis
474 3089 611 3150 remotas
631 3083 768 3167 Cynthia
785 3085 889 3148 visere
901 3084 1008 3167 cupiat
1018 3085 1172 3167 regiones,
1184 3084 1294 3148 nullus

180 3203 214 3265 in
238 3200 314 3265 orbe
336 3200 425 3265 loous
447 3199 535 3263 Baiis
555 3198 697 3263 amoenis
718 3198 819 3281 magis
838 3196 1026 3261 execrabilis
1037 3200 1147 3281 poetae
1159 3197 1295 3261 videtur.

180 3315 231 3380 lbi
254 3319 431 3380 morantem
454 3312 623 3395 Cynthium
647 3311 824 3377 obtestatur
846 3310 881 3392 (l,
907 3311 957 3395 11,
982 3311 1022 3374 27
1046 3315 1142 3395 sqqt:

313 3477 360 3542 Tu
383 3477 477 3541 modo
503 3495 599 3560 quam
622 3476 764 3560 primum
787 3480 953 3560 corruptas
976 3475 1085 3539 desere
1107 3473 1218 3538 Baias:

357 3588 469 3654 Multis
490 3591 552 3654 ista
575 3589 692 3652 dabant
714 3587 821 3652 littora
844 3587 1023 3668 discidium,

314 3701 443 3787 Littera,
466 3721 549 3786 quae
571 3701 697 3767 fuerant
720 3704 816 3766 castis
838 3702 967 3765 inimica
987 3699 1111 3784 puellis.

358 3818 390 3881 A
413 3821 543 3902 pereant
565 3815 671 3898 Baiae,
694 3816 814 3880 crimen
838 3815 962 3896 amoris,
986 3814 1104 3898 aquae!

228 3990 312 4069 Quid
336 3992 423 4077 quod
441 3993 548 4077 ipsum
567 3995 691 4075 po'etam
710 3991 904 4074 peregrinari
923 3990 1007 4072 oogit
1019 3986 1163 4070 Cynthia.
1176 3987 1295 4052 Urbem

184 4108 270 4172 enim
301 4106 355 4172 ille
385 4105 468 4190 fugit
498 4111 535 4170 ut
557 4106 652 4190 longe
675 4125 693 4170 a
715 4105 817 4188 patria
839 4104 985 4168 solatium
1011 4108 1143 4187 quaerat
1164 4108 1194 4168 et
1218 4102 1297 4166 obli-

183 4220 328 4287 vionem:
352 4224 516 4304 tantopere
538 4220 688 4284 miserum
712 4217 828 4283 afflixit
851 4215 1005 4300 Cynthiae
1028 4216 1153 4281 duritia.
1177 4216 1238 4281 Sed
1261 4217 1295 4279 in
