2954 5130
705 505 769 569 174

177 692 320 754 omnium
355 693 672 775 praestantissimum,
704 696 810 758 tamen
841 692 991 758 mediocri
1022 692 1118 758 laude
1150 693 1291 779 dignum.

176 801 219 867 ut
261 807 309 867 est
349 805 479 868 omnino
520 805 555 868 in
588 804 646 869 illo
679 824 796 890 genere
831 807 1019 889 carminum,
1055 806 1176 891 quibus
1208 811 1291 872 certo

177 916 304 980 cuidam
328 916 387 981 deo
410 918 528 1001 gratim
551 919 626 1002 agit,
649 918 700 982 vel
720 936 755 982 se
773 937 896 1001 suaque
915 917 999 982 bona
1010 919 1082 984 eius
1093 921 1294 985 commendat

176 1029 304 1113 tutelae,
333 1029 506 1096 admodum
527 1031 606 1097 felix
626 1030 789 1097 Horatius.
811 1030 921 1096 Huius
944 1050 1020 1096 vero
1043 1033 1198 1097 carminis
1220 1031 1292 1097 ulti·

178 1161 248 1208 mae
271 1144 417 1229 strophae
683 1140 685 1144 ’

355 1304 381 1370 0
405 1308 575 1372 testudinis
598 1327 714 1373 aureae

397 1418 531 1486 Duloem
557 1440 640 1505 quae
663 1420 840 1506 strepitum,
863 1419 958 1503 Pieri,
981 1423 1151 1505 temperas,

356 1530 382 1596 Ο
406 1535 504 1599 mutis
528 1552 657 1619 quoque
678 1533 821 1619 piscibus

398 1647 563 1713 Donatum
586 1648 689 1732 cycni,
712 1648 739 1711 si
762 1646 869 1731 hbeat,
893 1665 1019 1730 sonum,

310 1798 312 1804 ·
353 1761 468 1828 Totum
491 1763 634 1827 muneris
655 1761 716 1826 hoo
737 1762 816 1826 tuist
839 1779 864 1827 e.
877 1780 907 1844 q.
919 1779 944 1824 s.

178 1937 297 2021 optima
318 1941 394 2002 sunt
416 1941 448 2004 et
470 1956 581 2003 revera
602 1941 730 2022 gratum
748 1938 895 2002 testantis
914 1938 1066 2001 animum.
1079 1936 1152 2001 Hoo
1165 1956 1292 2022 quoque

33 2035 39 2045 ’
177 2055 262 2116 recte
295 2071 314 2115 a
343 2052 422 2116 viris
455 2051 556 2116 doctis
579 2050 781 2116 observatum
809 2051 914 2115 satiris
936 2051 1201 2135 cognatissimum
1224 2069 1291 2116 esse

178 2184 317 2231 carmen.
346 2164 449 2231 Multa
471 2168 556 2231 enim
579 2165 674 2230 habet
697 2184 780 2250 quae
801 2165 920 2250 legenti
942 2165 1077 2249 primam
1099 2167 1199 2249 primi
1220 2165 1291 2230 libri

179 2280 307 2344 cadram
325 2280 361 2343 in
380 2283 520 2344 mentem
540 2284 698 2344 revocent
721 2276 826 2361 „Quot
841 2279 944 2363 capita
954 2282 1001 2343 tot
1012 2280 1199 2364 sententiae,
1214 2300 1291 2346 suus

178 2395 295 2478 cuique
317 2392 407 2459 mos''
430 2394 658 2459 usitatissimus
681 2397 729 2458 est
748 2393 876 2458 satirico
895 2393 986 2457 locus
1003 2394 1195 2460 atsatiricae
1205 2395 1291 2479 poesi

177 2509 371 2594 aptissimus.
404 2505 498 2572 Hanc
527 2511 559 2572 et
580 2526 605 2571 o.
628 2506 654 2592 Ι,
678 2507 695 2570 l
721 2506 860 2573 defendit
884 2512 916 2572 et
938 2508 1175 2592 quodammodo
1198 2509 1289 2574 etiam

179 2623 319 2687 carmine
348 2625 465 2686 nostro.
494 2620 562 2686 Iam
585 2621 663 2686 haec
686 2639 760 2686 oum
785 2622 891 2687 satiris
915 2622 1062 2706 cognatio
1084 2621 1173 2687 haud
1196 2641 1292 2707 parva

179 2736 329 2801 carminis
359 2735 590 2801 commendatio
621 2735 755 2800 ridetur.
783 2732 876 2811 Quod
899 2739 1006 2801 autem
1028 2739 1095 2800 tam
1118 2736 1173 2801 hic
1197 2754 1289 2821 quam

178 2868 204 2914 a
226 2848 252 2933 L
277 2851 295 2912 1
318 2857 519 2916 'communem
540 2849 628 2914 illam
651 2850 840 2915 sententiam
865 2850 911 2914 sio
929 2850 964 2913 in
987 2869 1084 2915 suum
1107 2868 1290 2916 usumcon-

177 2964 273 3028 vertit
306 2967 343 3029 ut
376 2964 476 3029 dicat:
514 2963 583 3046 „Ita
616 2982 675 3048 ego
705 2961 855 3028 omnibus
878 2963 949 3028 aliis
971 2962 1144 3029 laboribus
1158 2964 1288 3046 lyricam

176 3077 313 3161 praetuli
334 3076 476 3162 poesim’,
498 3078 532 3141 id
555 3077 685 3162 quidem
707 3077 840 3141 minime
861 3076 1043 3141 mirandum
1065 3077 1100 3140 in
1120 3081 1224 3162 poeta,
1235 3079 1288 3162 qui

177 3190 348 3277 Romanos,
371 3189 476 3273 talpae
498 3188 752 3272 πρακτικωτάτους
775 3189 889 3257 habeat
909 3190 1050 3255 lectores.
1069 3189 1102 3254 N
1103 3193 1290 3275 equanimis

176 3306 311 3372 molesta
344 3309 393 3370 est
425 3307 553 3390 propria
585 3309 695 3390 potitae
729 3305 800 3368 laus
834 3304 870 3367 in
899 3302 991 3387 libro,
1022 3322 1120 3388 quem
1143 3303 1184 3369 ab
1207 3303 1291 3369 orbis

176 3425 333 3486 terrarum
356 3438 431 3504 rege
452 3423 583 3504 rogatus
606 3419 741 3503 scripsit
763 3416 838 3482 Non
861 3422 969 3482 tamen
990 3418 1135 3483 immune
1159 3422 1210 3484 est
1227 3437 1292 3483 oar·

177 3554 252 3600 men
285 3536 373 3600 vitiis
407 3533 494 3599 haud
527 3535 573 3598 ita
606 3533 721 3617 parvis.
750 3531 895 3597 Primum
926 3551 974 3596 vs.
1007 3531 1214 3598 2videris
1235 3551 1291 3616 pro

177 3649 397 3734 aspexeris
422 3648 548 3732 scripsit
569 3651 663 3731 poeta
684 3646 774 3711 nulla
793 3647 854 3710 alia
872 3664 1017 3731 requam
1030 3651 1289 3728 matroooaotns3

176 3782 223 3827 rs.
254 3763 274 3825 6
307 3763 431 3828 ducet
460 3763 661 3827 rictorem
685 3764 717 3826 st
739 3779 785 3825 vs.
811 3761 831 3824 9
854 3760 1054 3826 ostendet
1076 3758 1288 3845 Capitolio

176 3877 347 3942 admodum
381 3876 515 3942 obscure
549 3876 632 3941 diota
667 3878 753 3958 sunt,
789 3894 832 3940 rs.
865 3876 905 3939 10
937 3874 987 3957 (de
1017 3893 1081 3958 quo
1107 3876 1174 3940 iam
1197 3881 1289 3941 antea

178 3990 320 4056 diximus
343 3990 512 4074 quaedam)
535 3988 723 4054 fertilem
747 3988 786 4053 ad
809 3989 922 4052 rimam
946 3987 1137 4072 explendam
1148 3991 1287 4074 positum

177 4104 313 4169 videtur.
336 4103 435 4169 Hisce
457 4101 606 4167 omuibus
628 4101 725 4167 rebus
748 4099 828 4166 bene
850 4101 1015 4186 perpensis
1034 4102 1289 4188 examinatisque
1324 4174 1328 4182 ,

177 4236 244 4281 non
276 4216 367 4283 facile
400 4217 596 4282 adducemur
628 4219 666 4281 ut
695 4214 862 4280 credamus
887 4219 952 4280 tam
975 4214 1162 4282 admirabile
1184 4217 1287 4283 visum
