2954 5130
719 530 740 593 9

168 717 271 780 tiones
314 719 346 780 et
375 714 645 799 Peerlkampiana,
679 715 712 779 id
746 733 833 779 nuno
867 714 976 799 paucis
1011 714 1089 778 mihi
1122 715 1283 799 explican-

167 829 243 893 dum
274 826 423 918 ⁸videtur:
456 827 559 912 palam
592 846 667 912 ergo
697 826 869 912 proloquor
906 831 1032 892 nostrae
1065 827 1175 892 aetatis
1199 829 1284 893 viros

167 940 276 1005 doctos
300 941 388 1004 mihi,
413 941 634 1026 iniquissimos
658 943 690 1004 in
716 942 836 1025 egregii
869 941 930 1004 viri
961 941 1150 1005 memoriam
1174 941 1288 1006 videri.

169 1052 250 1117 Nam
282 1073 476 1138 quamquam
508 1053 738 1119 obmutuerunt
771 1055 833 1118 iam
867 1055 923 1137 qui
946 1072 1020 1119 eum
1043 1051 1164 1119 acerbis
1186 1053 1285 1118 laces·

169 1185 238 1233 sere
271 1168 419 1233 convitiis
452 1187 517 1231 non
551 1166 745 1233 verebantur
776 1165 1006 1251 barbaramque
1036 1167 1106 1231 eius
1128 1169 1283 1231 rationem

168 1281 305 1346 clamare
334 1280 486 1364 solebant,
507 1281 593 1346 haud
615 1287 722 1347 tamen
746 1281 865 1346 desunt
890 1281 925 1344 in
947 1299 1085 1364 quorum
1107 1281 1283 1345 annotatio·

169 1394 265 1461 nibus
293 1394 385 1461 facile
415 1394 615 1461 acerbitatem
641 1395 804 1479 quandam
829 1400 861 1460 et
884 1393 1111 1479 malignitatem
1134 1413 1285 1478 agnosca·

169 1529 250 1574 mus.
283 1508 427 1587 Quorum
461 1511 517 1575 alii
546 1529 761 1595 quaecunque
792 1508 846 1574 ille
877 1509 993 1574 dixerit
1023 1510 1096 1574 data
1119 1511 1284 1575 occasione

166 1625 357 1708 impugnant
398 1642 503 1708 neque
548 1643 691 1708 unquam
725 1643 800 1688 eum
837 1625 1004 1688 nominant
1041 1623 1105 1688 nisi
1140 1628 1177 1688 ut
1210 1642 1284 1688 oum

169 1741 351 1822 contemptu
385 1737 521 1821 quodam
556 1739 745 1802 sententiam
776 1739 846 1803 eins
881 1736 1040 1819 abiiciant
1070 1736 1125 1800 alii
1151 1738 1283 1801 tacitum

170 1851 328 1934 quoddam
364 1871 438 1917 oum
472 1870 509 1916 oo
538 1855 655 1936 gerunt
684 1850 804 1917 belinm
834 1869 936 1934 eoque
958 1850 1051 1914 modo
1071 1850 1283 1914 intricatiores

170 1965 294 2028 Horatii
337 1964 424 2030 locos
469 1965 631 2049 explicant
671 1969 708 2029 ut
749 1965 855 2048 quivis
893 1963 1042 2029 assiduus
1073 1963 1285 2050 Peerlkampii

169 2076 268 2142 lector
297 2075 336 2140 ad
370 2077 458 2143 illius
498 2078 638 2162 aliquam
669 2079 903 2143 annotationem
940 2097 1005 2142 non
1028 2079 1097 2144 sine
1119 2078 1284 2143 iracundia

170 2191 269 2255 alindi
300 2193 424 2257 sentiat
453 2191 514 2258 His
542 2191 690 2259 omnibus
714 2197 747 2257 et
769 2193 951 2277 aequiorem
974 2198 1015 2278 et,
1038 2197 1076 2258 nt
1099 2193 1187 2276 solet,
1207 2213 1284 2278 pru·

171 2304 345 2371 dentiorem
375 2325 410 2370 se
443 2305 572 2390 praebet
593 2305 755 2372 Lucianus
781 2305 965 2389 Muellerus,
988 2308 1046 2391 qui
1068 2305 1172 2371 oblata
1195 2326 1284 2372 occa·

171 2417 260 2482 sione
299 2438 466 2503 nunquam
509 2418 668 2485 declarare
701 2420 843 2504 negligit,
863 2419 965 2503 quod
993 2418 1163 2485 Horatium
1196 2440 1284 2486 nuno

171 2534 259 2596 tanto
283 2531 397 2598 meiius
421 2552 515 2616 quam
539 2536 633 2596 antea
655 2533 842 2618 intelligere,
865 2533 1048 2617 rectiusque
1068 2534 1197 2600 deeius
1217 2539 1283 2600 arte

169 2644 310 2710 iudicare
339 2647 508 2730 possimus,
535 2647 632 2711 huius
655 2648 702 2710 rei
724 2645 850 2710 laudem
874 2650 1036 2731 tamquam
1060 2648 1100 2712 ad
1123 2654 1284 2713 auctorem

171 2758 209 2822 ad
239 2757 493 2844 Peerlkampium
526 2778 595 2826 esse
618 2758 824 2843 referendam,
847 2762 904 2844 qui
926 2760 997 2826 falsi
1020 2759 1207 2847 praeiudicii
1228 2782 1285 2828 ne-

170 2870 261 2937 bulas
295 2872 481 2939 discusserit
514 2874 701 2958 primusque
735 2873 893 2959 permulta
928 2873 1061 2938 vulnera
1095 2875 1284 2941 indicaverit

172 2985 289 3071 quibus
310 2987 460 3052 sanandis
484 3006 567 3052 nova
591 2992 699 3052 essent
722 2986 904 3070 quaerenda
925 2986 1072 3051 remedia.

215 3099 337 3178 Quodsi
377 3084 451 3185 quis
492 3118 543 3165 me
579 3104 685 3185 roget:
725 3117 860 3184 „ergone
894 3098 953 3164 tibi
986 3100 1171 3166 temerariae
1205 3101 1286 3167 istae

170 3212 381 3299 Peerlkampii
400 3215 599 3280 coniecturae
620 3219 778 3279 certarum
790 3213 1050 3280 emendationum
1062 3216 1162 3280 instar
1174 3214 1284 3280 viden·

171 3325 269 3392 tnr?’'
294 3329 324 3393 ei
346 3328 393 3392 sio
414 3327 605 3412 respondere
625 3327 722 3392 velim
746 3333 783 3392 ut
805 3328 907 3412 primo
931 3333 1064 3414 aspectu
1086 3329 1116 3393 ei
1139 3328 1284 3412 aenigma

170 3441 300 3526 aliquod
328 3435 503 3525 proponere
533 3441 649 3507 videar.
681 3439 761 3506 Dico
792 3442 876 3505 enim
900 3459 951 3506 me
973 3444 1003 3506 si
1025 3441 1283 3507 discentium

168 3556 203 3620 in
227 3575 324 3621 usum
345 3554 498 3620 Horatius
522 3556 600 3620 mihi
622 3556 764 3621 edendus
786 3560 879 3638 esset,
898 3575 1008 3622 omnes
1028 3555 1159 3622 autiere
1171 3572 1282 3623 omnes

169 3667 378 3754 Peerlkampii
406 3671 603 3735 coniecturas
639 3671 673 3734 in
709 3675 834 3735 textum
870 3688 940 3736 esse
973 3675 1196 3754 recepturum
1232 3672 1284 3736 sin

169 3783 205 3846 in
247 3782 413 3846 doctorum
445 3781 552 3866 aliquo
586 3789 747 3849 conventu
773 3784 977 3849 statuendum
1000 3788 1084 3848 esset
1111 3784 1189 3869 quid
1214 3785 1285 3868 ipse

170 3894 324 3961 Horatius
358 3897 524 3982 scripsisse
555 3896 726 3983 videretur,
756 3900 812 3963 vix
842 3897 944 3964 ullum
974 3898 1110 3964 traditae
1139 3899 1284 3966 lectionis

34 4057 37 4061 -
171 4011 278 4076 locum
304 4014 433 4096 tangere
454 4030 505 4077 me
527 4032 694 4097 ausurum,
717 4013 780 4078 nisi
799 4012 886 4096 quod
904 4032 1022 4098 paucos
1040 4032 1152 4079 versus
1171 4033 1285 4079 secun·

171 4125 248 4189 dum
270 4123 405 4190 Luciani
429 4124 575 4191 Muelleri
597 4126 760 4208 rationem,
782 4125 817 4190 id
839 4131 887 4190 est
908 4127 1122 4211 grammatica,
1145 4128 1285 4213 metrica,

170 4238 329 4325 euphonia
351 4238 495 4324 ducibus,
518 4244 574 4304 aut
596 4239 800 4325 corrigendos
826 4245 884 4304 aut
907 4240 1057 4306 delendos
1082 4240 1282 4307 declararem.
