2954 5130
703 467 765 531 182

217 656 316 742 Apud
338 653 489 721 Ovidium
511 652 596 736 (Met
620 653 695 738 VII,
718 654 811 735 lent:

305 829 478 916 Egreditur
500 829 591 895 tectis
615 833 720 894 restes
735 795 856 895 'meua
879 829 1037 895 recinctus

306 943 402 1010 Nuda
425 944 548 1028 pedem,
570 943 675 1009 nudos
698 944 818 1008 umeris
841 942 949 1008 infusa
973 943 1115 1028 capillos.

220 1156 316 1241 Apud
339 1155 508 1220 Horatium
533 1152 643 1237 (Epod
669 1153 699 1237 5,
723 1153 776 1235 51)
801 1151 933 1217 Oanidia
956 1157 1122 1236 precatur:

307 1331 383 1396 Nox
403 1335 436 1397 et
457 1328 562 1395 Diana
584 1348 667 1414 qnae
691 1329 853 1395 silentium
876 1331 962 1414 regis

352 1445 480 1510 Arcana
503 1464 576 1509 cum
599 1442 684 1509 fiunt
708 1463 805 1509 sacra.

220 1646 318 1731 Apud
341 1643 492 1710 Ovidium
516 1644 627 1709 Medea
649 1644 734 1723 (Met
758 1644 831 1728 VH,
856 1645 950 1727 192):

313 1822 427 1908 „Nox”
450 1825 494 1889 ait
519 1825 661 1906 „arcanis
683 1822 848 1907 fidissima,
872 1841 1019 1908 quaeque
1043 1823 1170 1888 diurnis

308 1939 417 2002 Aurea
439 1957 513 2002 cum
538 1937 615 2002 luna
638 1938 808 2003 succeditis
830 1936 960 2022 ignibus
984 1941 1079 2020 astra,

309 2051 429 2136 Tuque,
453 2053 568 2136 triceps
592 2050 743 2117 Hecate.''

177 2249 257 2314 Mihi
288 2249 417 2333 quidem
449 2250 573 2313 minimi
597 2249 679 2313 haec·
699 2248 849 2313 ridentur
871 2249 1033 2330 momenti,
1056 2266 1166 2332 neque
1189 2249 1295 2333 magni

178 2363 352 2448 Zingerleo,
376 2364 404 2428 si
427 2362 508 2427 bene
531 2381 605 2427 eum
633 2361 785 2446 intelligo.

226 2477 367 2562 ,Operae
400 2478 537 2561 pretium
570 2474 639 2541 est’'
663 2478 707 2540 ait
730 2475 915 2560 Zingerleus
941 2474 1127 2557 ,Canidiam
1151 2475 1296 2541 Horatiu-

179 2612 252 2656 nam
277 2611 350 2656 cnm
374 2591 447 2656 lena
470 2589 627 2654 Ovidiana
650 2591 732 2673 (Am.
756 2589 782 2674 I,
803 2590 832 2672 8,
854 2590 870 2653 l
893 2592 973 2674 sqq.)
992 2589 1296 2674 comparareEqui·

179 2706 249 2771 dem
285 2706 392 2790 potius
425 2704 614 2770 Ouidianum
644 2705 749 2769 lenam
780 2724 854 2770 curn
884 2704 1093 2790 Propertiana
1117 2723 1297 2790 comparem

178 2818 231 2903 (V,
263 2820 302 2900 5).
336 2817 407 2882 Hoc
442 2819 528 2882 enirn
562 2819 702 2901 primum
737 2837 810 2882 oum
845 2817 1011 2903 Propertio
1046 2837 1219 2884 commune
1251 2823 1298 2884 est

180 2932 294 2998 Ouidio
326 2932 411 3016 quod
434 2933 557 3016 etipse
579 2951 687 2996 reram
712 2932 871 3016 quandam
893 2932 1146 3017 indignationem
1171 2953 1297 2999 verum-

182 3066 245 3132 que
268 3046 377 3111 odium
396 3047 431 3109 in
450 3046 679 3110 invisissimom
700 3064 846 3110 evomere
862 3045 1171 3127 videturfeminam3
1185 3047 1298 3112 deinde

181 3166 212 3225 et
235 3161 312 3224 haec
335 3159 415 3223 mihi
438 3157 659 3223 observatione
682 3159 778 3243 digna
803 3158 968 3223 videntur:
994 3159 1033 3224 de
1056 3164 1186 3225 aeterna
1209 3162 1299 3227 lenae

183 3275 236 3339 siti
259 3278 290 3339 et
312 3273 498 3357 Propertius
521 3271 664 3356 loquitur
688 3276 719 3337 et
743 3270 895 3351 Ovidius3
921 3276 1057 3356 uterque
1080 3292 1149 3337 eam
1174 3275 1300 3339 inducit

182 3389 307 3474 puellae
347 3387 588 3473 persuadentem
630 3391 666 3451 ut
700 3387 784 3452 solas
819 3388 967 3451 amatoris
998 3391 1118 3472 spectet
1153 3388 1298 3470 diritias;

184 3510 319 3587 uterque
354 3502 383 3566 ei
419 3500 528 3564 obiicit
562 3500 648 3584 quod
683 3501 806 3587 puellas
837 3499 969 3565 artificia
999 3501 1155 3586 quaedam
1180 3502 1300 3586 doceat,

184 3616 302 3702 quibus
332 3615 405 3679 illae
437 3618 568 3679 utentur
592 3618 628 3678 ut
652 3634 749 3698 qnam
771 3615 906 3678 maximi
929 3634 988 3679 sua
1011 3615 1152 3680 vendant
1173 3619 1299 3701 gandia

183 3729 266 3795 Sunt
295 3731 373 3794 haec
396 3733 514 3813 potitae,
539 3729 595 3812 qui
619 3729 732 3792 autin
756 3745 863 3791 amore
887 3727 988 3792 multa
1012 3729 1144 3793 adversa
1166 3731 1238 3814 ipse
1261 3733 1303 3797 sit

184 3850 345 3930 expertus,
370 3847 426 3908 aut
449 3841 488 3906 ab
511 3843 581 3926 ipsa
604 3842 683 3926 quid
705 3841 747 3905 sit
766 3860 855 3905 amor
873 3840 1019 3908 didicerit
1038 3847 1160 3908 natura
1173 3844 1302 3911 Horatii

184 3978 269 4041 rere,
292 3963 328 4023 ut
351 3959 414 4021 iam
439 3956 592 4039 dicebam,
615 3955 649 4019 in
674 3954 837 4019 Canidiam
860 3974 973 4020 versus
997 3956 1206 4024 declamantis
1228 3966 1303 4025 sunt

185 4091 324 4157 suasque
347 4073 382 4135 in
400 4087 516 4155 genere
534 4069 673 4154 quodam
691 4067 852 4133 scribendi
872 4071 1049 4134 exercentis
1069 4071 1170 4152 rires3
1185 4074 1301 4138 multo·

185 4208 248 4274 que
280 4188 399 4252 rectius
432 4204 506 4249 cnm
542 4183 650 4269 epodis
685 4183 724 4247 de
755 4180 887 4249 Canidia
917 4201 1080 4267 compares
1106 4205 1191 4270 quae
1215 4188 1300 4274 apud
