2954 5130
704 510 768 576 169

178 698 267 783 derit,
299 703 337 764 ut
371 697 541 764 renuetule
572 698 701 783 quidem
731 697 935 763 sententiolas
965 697 1090 762 limaret
1111 695 1290 781 poliretque

179 813 279 878 donec
312 831 426 878 versus
458 812 578 895 fierent,
609 812 664 878 aed
694 812 854 877 interdum
887 813 939 876 sui
960 813 1029 896 ipse
1051 810 1290 875 oblivisceretur

177 927 365 1011 argumenti

222 1039 281 1123 ΠΙ,
305 1041 355 1104 20.
385 1039 503 1124 Lepide
529 1041 581 1105 hic
604 1039 828 1106 describuntur
850 1040 1002 1105 acerrima
1023 1040 1107 1103 inter
1128 1037 1291 1121 Pyrrhum

178 1159 210 1218 et
231 1154 371 1238 puellam
396 1155 555 1237 quandam
579 1155 618 1221 de
639 1154 784 1219 Nearcho
806 1152 1018 1238 pulcherrimo
1040 1170 1140 1236 puero
1163 1150 1289 1236 proelia

177 1265 227 1331 Do
250 1267 363 1333 ultima
389 1270 459 1333 eius
482 1269 609 1352 stropha
632 1274 663 1333 et
686 1269 725 1333 de
748 1267 960 1352 pulcherrima
982 1265 1203 1332 emendatione
1227 1284 1291 1350 qua

177 1401 308 1447 vorsum
332 1384 352 1446 8
376 1384 502 1447 sanavit
524 1382 763 1467 Peerlkampius
785 1382 850 1446 iam
872 1381 948 1445 dixi.

221 1496 247 1579 Ι,
271 1496 322 1560 36.
346 1494 395 1560 Ob
416 1497 565 1562 reducem
588 1495 627 1560 ab
652 1495 766 1560 ultima
788 1494 943 1579 Hispania
965 1493 1106 1558 Plotium
1117 1492 1290 1557 Numidam

177 1609 294 1673 hilares
324 1608 486 1693 laetasque
516 1628 591 1673 cum
622 1608 847 1673 communibus
871 1609 980 1672 amicis
1003 1606 1220 1672 celebraturus
1244 1609 1292 1671 est

178 1724 290 1809 epulas
324 1728 424 1807 podta.
454 1723 575 1789 Multae
607 1722 736 1808 quidem
767 1722 812 1787 ibi
835 1727 929 1786 erunt
951 1721 1062 1806 gandii
1091 1721 1291 1806 laetitiaeque

178 1856 303 1920 causae,
337 1838 392 1902 sed
427 1837 505 1922 quid
539 1839 685 1902 convivis
718 1855 793 1921 prae
824 1837 936 1901 ceteris
967 1835 1147 1900 iucundum
1177 1836 1238 1900 erit
1260 1840 1291 1900 et

177 1950 302 2015 suave?
334 1949 419 2028 Quid
441 1951 559 2035 putas?
582 1948 749 2033 Damalin,
771 1949 867 2014 Plotii
891 1951 1033 2033 amicam,
1057 1949 1166 2032 oculis,
1188 1953 1225 2014 ut
1247 1949 1292 2013 ita

178 2065 292 2148 dicam,
317 2064 514 2130 devorabunt
536 2083 655 2147 omnes,
674 2062 735 2128 sibi
755 2065 894 2148 quisque
912 2081 981 2127 eam
994 2064 1108 2146 cupiet,
1120 2062 1292 2127 illatamen

178 2200 197 2244 a
228 2178 334 2243 Plotio
366 2198 425 2243 suo
453 2198 519 2242 non
549 2179 664 2262 poterit
694 2178 811 2242 divelli.
842 2177 935 2242 Inte
942 2177 1023 2262 gri,
1046 2176 1159 2260 hercle,
1181 2181 1292 2260 potitae

177 2294 239 2357 hoc
266 2297 322 2357 est

222 2405 248 2490 1,
271 2407 322 2470 27.
352 2404 484 2471 Iuvenis
515 2406 610 2471 amici
632 2424 764 2488 amores,
787 2423 851 2468 non
874 2405 935 2487 sui,
957 2404 1008 2468 hic
1032 2423 1160 2488 quoque
1182 2408 1292 2488 poetae

178 2521 268 2585 cordi
299 2525 391 2585 sunt:
423 2518 539 2584 abillo
563 2521 647 2583 enim
671 2517 793 2603 flagitat
815 2523 852 2582 ut
873 2537 949 2583 suos
974 2518 1115 2582 nominet
1137 2519 1238 2603 ignes,
1261 2523 1293 2583 et

178 2636 310 2698 nomine
333 2633 441 2698 audito
468 2634 527 2716 „ah
551 2632 667 2698 miser'’
690 2632 847 2698 exclamat

446 2845 571 2924 Quanta
593 2844 718 2909 laboras
742 2845 777 2908 in
804 2842 963 2926 Charybdi

488 2958 593 3045 Digne
614 2977 695 3044 puer
717 2958 847 3023 meliore
870 2957 1015 3023 flamma!

179 3198 316 3262 Illamne
339 3217 413 3283 ergo
436 3197 596 3262 crudelem
615 3196 832 3282 perfidamque
852 3201 944 3261 antea
955 3200 1105 3281 expertus
1118 3200 1166 3260 est
1177 3194 1292 3279 poeto?

180 3309 251 3374 Hoc
276 3315 369 3395 certe,
393 3311 428 3374 ni
450 3315 573 3394 poetam
598 3312 736 3395 noveris,
760 3329 802 3375 ex
824 3312 894 3375 eius
917 3309 1023 3375 verbis
1047 3310 1174 3375 efficias.

223 3424 249 3509 Ι,
274 3426 324 3488 33.
359 3423 490 3489 Albium
525 3424 685 3489 Tibullum
716 3445 735 3489 a
766 3424 899 3506 Glycera
923 3445 982 3490 sua
1005 3424 1165 3489 desertum
1190 3422 1293 3507 prodi-

181 3545 315 3622 tumque
349 3539 506 3603 consolari
537 3543 686 3603 conatur:
722 3545 777 3620 „tu
800 3538 887 3602 illam
911 3558 1008 3620 amas,
1031 3537 1085 3601 illa
1107 3536 1222 3616 alium3
1248 3536 1293 3599 sic

180 3650 313 3733 Lycoris
348 3649 467 3733 Cyrum
501 3652 630 3736 deperit,
665 3657 696 3716 at
725 3652 778 3716 ille
808 3651 950 3716 Pholoen
981 3651 1075 3735 longe
1098 3652 1127 3715 ei
1150 3648 1294 3734 praefert,

171 3764 300 3829 Pholoe
323 3783 397 3829 vero
420 3766 482 3828 iam
506 3763 601 3830 habet
623 3770 792 3830 amatorem
818 3767 871 3830 cui
893 3784 1060 3849 nunquam
1083 3763 1183 3827 infida
1203 3763 1294 3828 reddi

181 3880 304 3965 poterit.
340 3879 391 3944 Sic
425 3880 558 3944 miseros
593 3881 740 3944 mortales
772 3878 928 3944 ludificari
961 3878 1040 3944 solet
1069 3878 1190 3943 Venus.
1220 3877 1294 3961 Ipse

181 3998 241 4060 hoc
265 4001 416 4080 expertus
440 4016 528 4060 sum:
554 4015 604 4060 me
628 3997 712 4060 enim
736 3995 873 4077 Myrtale
895 3993 1042 4059 libertina
1062 3995 1173 4076 tenuit,
1193 4013 1293 4078 quum

182 4111 245 4176 alia
280 4130 331 4176 me
361 4114 481 4195 peteret
509 4110 625 4194 puella,
649 4129 731 4194 quae
753 4110 802 4173 illi
826 4107 974 4172 omnibus
997 4107 1182 4172 nominibus
1205 4124 1294 4190 prae-

181 4223 314 4290 stabat.'’
338 4223 427 4301 Quae
450 4229 555 4289 autem
580 4224 619 4289 de
642 4244 675 4288 se
699 4223 785 4288 addit
807 4242 847 4287 ne
871 4222 1037 4287 credamus
1060 4221 1156 4286 efficit
1177 4222 1294 4304 imago,
