2954 5130
687 436 751 500 184

178 640 357 707 Mercurius
388 642 420 704 ct
449 637 537 703 istud
560 654 690 720 nepos
712 635 907 700 Atlantis
931 635 1000 698 sive
1022 632 1296 699 Atlantiades

177 759 278 820 metro
313 758 361 819 est
396 752 607 835 aptissimum.
641 749 690 815 Ne
725 752 759 814 in
791 750 851 815 hae
886 749 1015 833 quidem
1046 767 1082 814 re
1114 767 1173 832 ego
1197 747 1296 812 ullum

178 887 315 953 agnosco
350 885 541 932 consensum
578 865 664 949 qued
697 869 833 948 uterque
869 869 962 948 poeta
991 864 1188 929 adiectivum
1210 883 1296 947 prae

176 983 297 1046 mittat:
322 980 424 1045 multo
453 980 538 1044 enim
562 979 739 1063 elegantius
762 983 811 1042 est
835 996 963 1043 versum
985 977 1201 1042 Horatianum
1225 995 1297 1040 cum

178 1093 398 1177 Peerlkampio
422 1092 468 1158 sio
491 1091 632 1156 incidere
977 1095 979 1100 '

443 1253 582 1319 Mercuri
604 1253 749 1336 facunde,
772 1273 871 1339 nepos
895 1253 1034 1319 Atlantis

180 1388 295 1454 quam·
442 1456 590 1540 Mercuri,
612 1456 748 1535 facunde
771 1475 870 1540 nepos
893 1456 1034 1522 Atlantis

180 1650 211 1710 et
233 1663 406 1729 permagna
429 1649 478 1709 est
500 1642 583 1708 inter
605 1643 770 1709 lectionem
793 1642 1006 1730 Peerlkampii
1019 1642 1298 1709 etOvidiiverba:

183 1756 292 1840 „Olore
322 1733 423 1841 nepos
458 1755 619 1823 Atlantis”
649 1756 871 1840 discrepantia.
900 1754 1033 1840 Deinde,
1066 1756 1124 1821 ubi
1149 1756 1299 1821 Mercurii

180 1876 257 1936 sunt
289 1871 506 1936 enumeranda
540 1889 616 1955 erga
647 1871 791 1935 homines
816 1871 938 1955 merita,
962 1871 1155 1954 eloquentia,
1179 1872 1299 1936 musica

180 2006 241 2067 ars,
263 1985 419 2071 palaestra
447 1982 485 2048 ab
509 2002 546 2049 eo
569 1979 720 2049 inventae
742 1986 839 2049 taceri
863 2003 928 2048 nen
952 1989 1105 2068 possunt3
1130 1985 1203 2050 illas
1226 2004 1298 2069 ergo

179 2104 316 2183 uterque
346 2099 497 2180 nominat,
527 2115 633 2181 neque
663 2101 769 2161 mmen
800 2116 932 2182 prorsus
955 2098 1066 2164 eodem
1090 2099 1195 2162 modo.
1218 2097 1298 2163 Nam

180 2212 334 2276 Horatius
375 2210 572 2276 Mercurium
610 2211 756 2276 homines
790 2211 1004 2277 formasse
1029 2214 1098 2295 (ie.
1134 2212 1298 2294 erudiisse)

181 2326 257 2390 dicit
287 2344 387 2390 voce
418 2330 449 2390 et
482 2344 592 2390 more
615 2325 855 2409 palaestrae
878 2327 946 2408 (ie.
969 2326 1127 2411 palaestra
1149 2328 1301 2409 inventa),

186 2438 321 2505 Ovidius
345 2439 440 2504 deum
465 2440 511 2504 sic
535 2439 725 2523 alloquitur:

312 2599 407 2666 Lacte
430 2601 518 2683 lyrae
541 2601 646 2685 pulsu,
669 2601 769 2666 nitida
792 2621 922 2686 quoque
945 2602 1026 2667 laete
1048 2602 1213 2688 palaestra.

225 2790 264 2854 In
283 2765 396 2855 ceteris
412 2789 464 2854 dei
475 2789 625 2853 laudibus
637 2791 924 2855 commemorandis
937 2790 1037 2855 multo
1049 2791 1209 2855 maiorest
1220 2791 1302 2855 inter

181 2901 351 2969 Horatium
384 2907 416 2967 et
439 2901 589 2966 Ovidium
614 2902 797 2967 differentia.
821 2902 879 2967 Ille
903 2905 987 2968 enim
1012 2908 1172 2988 praeterea
1196 2904 1302 2968 nuntii

183 3037 257 3084 eum
280 3017 374 3102 iungi
397 3035 530 3081 munere
555 3017 639 3099 dicit,
663 3019 787 3101 superis
807 3017 939 3082 deorum
961 3022 992 3082 et
1002 3018 1076 3081 imis
1087 3021 1216 3102 gratum
1229 3037 1301 3082 eum

182 3133 335 3214 nominat,
371 3136 572 3196 mortuorum
609 3130 738 3194 umbras
772 3130 812 3195 ab
843 3150 880 3196 eo
911 3131 951 3195 ad
978 3130 1096 3195 inferos
1120 3130 1196 3194 duci
1220 3131 1303 3213 dicit,

185 3251 354 3332 postremo,
390 3245 476 3329 quod
510 3249 673 3328 tamquam
705 3263 832 3327 pannus
859 3242 1122 3328 praecedentibus
1145 3243 1302 3326 adhaeret

183 3361 304 3426 Priami
339 3360 533 3424 mentionem
566 3357 643 3422 fucit
678 3359 728 3423 dei
762 3358 861 3422 tutela
897 3357 1027 3426 defensi.
1063 3357 1200 3422 Ovidius
1231 3377 1304 3423 eum

184 3474 338 3557 arbitrum
372 3473 502 3537 deorum
534 3472 728 3556 litigantium
762 3470 899 3556 appellat
931 3476 962 3535 ct
992 3472 1144 3535 nuntium
1175 3471 1306 3537 alatum.

183 3587 298 3672 Neque
332 3592 438 3652 tamen
471 3593 534 3651 tam
567 3604 680 3670 graves
704 3586 782 3650 mihi
806 3586 879 3651 illae
903 3585 1132 3669 discrepantiae
1156 3585 1306 3651 videntur

185 3707 221 3767 ut
256 3701 328 3766 ideo
364 3701 519 3765 rationem
554 3700 695 3784 aliquam
726 3700 812 3763 inter
842 3704 969 3763 nostros
1000 3699 1088 3763 locos
1111 3699 1329 3766 intercedere.

185 3835 316 3901 prorsus
354 3834 475 3900 negem.
512 3813 573 3879 Sed
608 3832 704 3877 unam
735 3814 787 3877 hie
817 3831 883 3877 rem
909 3829 1165 3877 communem
1189 3813 1308 3879 babent

117 3999 119 4004 ,
188 3936 315 4015 poiitac3
352 3948 389 3994 ea
423 3934 528 3994 autem
561 3927 719 3993 eiusmodi
750 3931 798 3991 est
829 3932 925 3991 ut-
956 3926 1043 4010 quod
1065 3928 1183 3991 mirum
1206 3931 1309 4012 possit

187 4045 289 4110 videri
320 4042 492 4108 lectoribus
518 4080 559 4088 —
583 4044 756 4126 propter
780 4060 878 4104 unam
902 4040 990 4104 illam
1015 4038 1129 4105 Ouidio
1154 4040 1306 4107 scribenti

185 4158 311 4224 Horatii
336 4175 464 4222 carmen
488 4160 562 4221 ante
586 4153 695 4218 oculos
718 4153 817 4218 fuisse
829 4154 957 4219 credere
968 4153 1219 4238 haudquaquam
1232 4175 1306 4240 pos·
