2954 5130
709 496 772 560 140

177 683 374 749 vertendi
395 686 426 749 et
444 684 646 750 verrendi
669 683 775 750 verbis
799 636 951 751 confusis·
966 685 1041 750 vide
1063 684 1190 750 doctam
1212 683 1294 750 Bur-

178 799 289 863 manni
310 799 558 865 annotationem.

222 910 289 976 lib.
312 911 361 976 IV
383 911 420 977 el
445 912 487 975 21
511 912 563 977 his
585 912 698 996 incipit
721 909 891 977 versibus:

311 1097 465 1185 Magnum
488 1101 549 1165 iter
571 1100 612 1165 ad
636 1100 744 1166 doctas
767 1099 926 1185 proficisci
949 1119 1046 1186 cogor
1064 1082 1230 1187 Athenass

355 1215 401 1280 Ut
423 1234 474 1280 me
497 1215 594 1300 longa
617 1216 707 1300 gravi
731 1215 833 1281 solvat
855 1235 964 1282 amore
985 1218 1047 1281 via

312 1328 431 1396 Crescit
453 1331 539 1396 enim
561 1331 690 1396 assidue
712 1332 869 1416 spectanti
893 1350 972 1397 cura
994 1331 1141 1416 puellae:

356 1443 430 1529 Ipse
452 1444 602 1510 admenta
625 1444 687 1510 sibi
710 1445 850 1509 maxima
874 1443 1005 1530 praebet
1027 1464 1124 1510 amor.

226 1654 279 1720 Sic
307 1654 404 1740 vulgo
434 1654 595 1740 leguntur.
625 1654 842 1721 Baehrensius
872 1671 930 1740 pro
954 1656 1172 1750 spectanti
1203 1656 1300 1722 edidit

181 1769 411 1855 spectando
434 1774 531 1854 atque
553 1769 636 1834 illud
655 1787 673 1835 6
692 1788 790 1855 prava
809 1769 1030 1836 emendatione
1049 1774 1162 1836 natum
1175 1775 1299 1836 censet:

181 1884 216 1947 in
250 1883 358 1950 codice
391 1883 477 1948 enim
508 1882 539 1947 N
564 1901 634 1949 esse
666 1883 905 1969 spectandi,
930 1884 1142 1969 quodquam
1165 1884 1301 1970 intelligi

181 2016 247 2062 non
269 2001 376 2082 posset
397 1997 572 2062 coniecisse
595 1996 738 2081 aliquem
765 1999 991 2082 spectanti.
1012 1996 1103 2063 06116
1123 1998 1261 2064 lectione
1282 2019 1301 2064 a

180 2111 375 2177 Baehrensio
398 2109 531 2194 probata
553 2130 630 2174 sana
653 2114 814 2175 structura
837 2109 982 2193 efficitur,
1006 2110 1300 2197 sednequeminus

182 2224 345 2312 probabile
375 2230 406 2290 et
427 2224 530 2289 multo
552 2224 729 2309 elegantius
754 2229 802 2290 est
826 2225 913 2309 quod
936 2225 1071 2290 coniecit
1092 2224 1300 2290 Burmannus

181 2339 398 2425 spectanti
433 2358 534 2403 cura
565 2338 759 2424 puellam.
793 2337 846 2404 Sic
882 2339 1012 2403 demum
1042 2357 1118 2405 vere
1151 2339 1248 2406 latine
1270 2344 1300 2406 et

185 2453 341 2520 Ovidiana
375 2452 646 2538 Propertianaque
679 2454 802 2518 ratione
837 2452 992 2519 vocabula
1023 2454 1249 2540 disponuntur,
1271 2459 1301 2521 et

184 2569 288 2635 solent
309 2571 420 2653 poetae
445 2567 639 2633 vocabulum
663 2588 763 2633 cura
787 2568 923 2650 (sivein
947 2568 1064 2653 plurali
1087 2571 1226 2654 curae)
1249 2569 1301 2636 ab·

185 2682 288 2748 soluts
321 2700 379 2766 pro
410 2700 517 2747 amore
541 2681 770 2766 doloribusque
794 2701 875 2766 quos
897 2682 952 2746 ille
974 2681 1064 2747 affert
1086 2701 1214 2769 ponere,
1236 2703 1301 2750 non

185 2795 292 2861 addito
313 2796 454 2881 genitivo
479 2814 543 2881 quo
568 2814 651 2880 quae
673 2787 793 2860 femina
815 2801 940 2861 ametur
963 2795 1170 2882 significatur.
1195 2797 1302 2864 Pauca

185 2909 266 2975 dabo
290 2929 331 2976 ex
356 2908 469 2975 Ovidio
493 2911 649 2995 exempla.

230 3024 304 3091 Met
326 3023 390 3109 111,
415 3023 487 3088 396.
517 3021 566 3089 De
588 3023 691 3089 Echo:
725 3021 912 3089 Extenuant
934 3023 1047 3109 vigiles
1070 3043 1187 3110 corpus
1210 3027 1302 3093 mise·

187 3139 286 3205 rabile
309 3158 412 3205 curae.

231 3252 288 3337 VI,
311 3254 386 3318 491.
409 3251 514 3319 Semel
537 3257 665 3338 aspecta
687 3252 863 3318 Philomela
885 3251 1004 3319 Tereus

320 3441 472 3522 Aestuat3
497 3446 529 3507 et
552 3446 698 3527 repetens
720 3441 832 3506 faciem
855 3445 1027 3526 motusque
1051 3461 1233 3528 manusque

321 3554 435 3633 Qualia
457 3556 526 3621 vult
541 3555 640 3640 'fingit
665 3574 747 3640 quae
770 3555 914 3620 nondum
938 3555 1019 3620 vidit
1040 3559 1073 3620 61
1093 3557 1188 3642 ignes

320 3669 394 3755 Ipse
418 3689 493 3735 suos
516 3672 626 3754 nutrit,
651 3690 728 3735 cura
750 3667 934 3735 removente
957 3688 1112 3755 soporem.

231 3881 321 3965 VIII,
333 3882 384 3945 81.
407 3879 482 3945 Nox
501 3880 634 3946 dicitur:
658 3879 835 3964 „Ourarum
858 3881 999 3946 maxima
1022 3879 1174 3946 nutriff:
1198 3901 1304 3950 cres·

188 3997 245 4062 cit
267 4016 342 4081 orgo
365 4000 458 4061 nocte
480 4015 594 4079 cura,
620 4000 655 4061 nt
678 4000 726 4060 est
750 3995 836 4080 apud
859 3995 1071 4081 Propertium.

214 4105 292 4196 XI,
314 4111 388 4175 426.
419 4109 552 4195 Cognito
574 4109 707 4196 longum
730 4112 792 4176 iter
814 4109 975 4176 facturum
995 4110 1166 4195 coniugem
1190 4116 1223 4177 et
1245 4111 1304 4177 alia

190 4223 356 4308 Halcyone
378 4224 570 4289 lamentatur
591 4227 624 4289 et
645 4224 738 4290 haec:
