2954 5130
705 496 768 560 188

220 681 348 768 Ergone
382 680 422 747 ab
452 681 585 747 Horatio
616 683 834 767 Antiquitates
857 681 1019 748 Romanas
1043 703 1126 768 quas
1150 702 1299 748 vocamus

176 796 288 861 didicit
311 795 471 862 Ovidius?
494 796 577 862 Nam
602 797 689 882 quod
713 797 754 863 ad
777 817 898 882 equum
919 800 1065 882 pertinet,
1085 818 1191 884 purus
1203 803 1299 882 putus

178 908 356 975 Ouidianus
379 909 433 974 ille
456 929 569 976 versus
593 915 650 976 est
675 909 719 975 cf.
743 917 910 976 nostrum:

309 1071 359 1138 Ne
382 1073 475 1138 eadat
497 1080 528 1139 et
552 1074 671 1139 multas
694 1074 816 1159 palmas
840 1075 1022 1141 inhonestet
1046 1075 1183 1160 adeptus

354 1185 542 1271 Languidus
566 1189 601 1251 in
624 1190 724 1272 pratis
746 1190 893 1274 gramina
917 1191 1018 1274 carpit
1041 1209 1156 1274 equus.

179 1347 259 1414 (lum
283 1347 409 1415 Metam.
432 1349 506 1433 VII,
531 1352 612 1414 542:

266 1513 352 1577 Acer
373 1531 477 1597 equus
501 1514 663 1599 quondam
688 1533 888 1599 magnaeque
910 1515 944 1579 in
968 1515 1102 1601 pulvere
1126 1514 1230 1579 famae

267 1625 447 1712 Degenerat
469 1628 601 1714 palmas.

180 1788 349 1874 seipsum
372 1791 490 1856 imitari
514 1791 595 1856 solet
618 1789 763 1875 Ovidius,
786 1810 851 1856 non
875 1792 963 1857 alios.
987 1789 1166 1873 (ettamen
1189 1787 1302 1853 (liade

181 1901 254 1968 San.
279 1903 298 1986 ξ
323 1903 384 1984 14).

226 2063 332 2131 Redeo
355 2086 443 2131 nuno
466 2067 506 2130 ad
529 2086 658 2132 carmen
680 2066 807 2133 Horatii
829 2067 889 2150 HI,
914 2068 964 2151 11,
989 2067 1077 2152 quod
1102 2065 1299 2131 Ovidiooum

181 2178 238 2261 IV,
273 2181 292 2244 3
328 2199 403 2264 prae
439 2181 552 2245 ceteris
586 2181 620 2244 in
657 2181 778 2245 deliciis
810 2180 912 2246 fuisso
945 2181 1073 2244 coniicit
1108 2178 1301 2264 Zingerleus.

183 2292 285 2370 Quam
309 2313 421 2378 parum
445 2294 618 2359 verisimile
641 2298 724 2360 esset
747 2294 811 2359 dua
833 2296 1020 2379 praesertim
1038 2294 1182 2358 carmina
1202 2292 1302 2358 Hora·

182 2409 268 2472 tiana
297 2408 488 2473 admiratum
512 2428 582 2475 esse
608 2407 770 2491 Ovidium,
794 2428 931 2494 quorum
956 2408 1092 2473 alterum
1118 2412 1203 2474 esset
1228 2407 1302 2472 satis

182 2520 350 2604 laudabile,
382 2521 517 2587 alterum
548 2524 695 2586 omnium
725 2522 790 2587 sere
812 2523 999 2606 pessimum,
1021 2541 1120 2605 supra
1143 2522 1301 2600 vidimus3

184 2639 215 2699 et
237 2635 435 2719 ineptissime
457 2635 537 2699 illud
560 2655 585 2700 c.
610 2635 669 2718 ΙΠ,
694 2637 733 2699 11
759 2654 777 2700 e
796 2636 894 2700 variis
914 2654 984 2700 esse
1003 2639 1176 2699 consutum
1189 2635 1301 2720 pannis

185 2765 289 2831 nemo,
312 2753 348 2813 ut
367 2749 489 2833 opinor,
509 2754 611 2833 negat.
632 2747 681 2814 De
699 2749 971 2834 Hypermnastrae
983 2753 1089 2814 autem
1104 2747 1301 2829 allocutione,

187 2882 269 2948 quae
291 2863 392 2928 maior
415 2865 565 2928 carminis
588 2884 661 2949 pars
686 2870 743 2947 est,
766 2864 843 2928 haee
867 2863 944 2928 dicit
966 2862 1170 2946 Zingerleus:

323 3025 394 3109 „sie
429 3027 483 3092 hat
517 3027 601 3092 wohl
631 3027 801 3094 zweifellos
832 3026 890 3092 auf
910 3025 994 3091 Ovid
1016 3025 1067 3091 bei
1091 3025 1302 3109 Bahandlung

277 3141 331 3206 des
355 3141 535 3205 ntmliehen
556 3141 668 3206 Stoffes
692 3143 726 3206 in
751 3140 827 3206 Her.
850 3140 940 3224 XIV,
966 3141 983 3203 1
1005 3160 1075 3225 sqq.
1095 3137 1303 3224 eingewirlrt”

187 3310 219 3371 et
243 3306 281 3370 de
304 3309 370 3370 toto
394 3306 550 3370 carmine:

320 3466 467 3535 Dieselbe
501 3466 569 3532 Ode
603 3469 726 3533 soheint
762 3469 847 3533 daun
876 3466 960 3531 noeh
990 3486 1031 3531 an
1055 3467 1144 3531 einer
1165 3466 1303 3531 anderen

276 3582 452 3667 gleiohfalls
485 3581 761 3668 Mythologisohen
792 3583 888 3648 Stelle
919 3599 1050 3645 unserm
1083 3578 1166 3644 Orid
1197 3599 1305 3666 vorge·

278 3696 419 3762 schwebt
441 3717 482 3761 zu
508 3695 620 3761 haben.

233 3861 291 3927 Est
325 3867 431 3927 autem
455 3862 534 3925 aller
558 3861 612 3925 ille
636 3861 726 3925 loeus
749 3860 909 3944 praeclara
931 3858 988 3922 illa
1011 3859 1051 3924 de
1071 3856 1198 3949 Orpheo
1222 3859 1307 3943 apud

188 3976 307 4041 inferos
331 3982 476 4040 cantante
499 3977 648 4040 narratio.
670 3974 733 4038 Hie
752 3974 880 4039 tandem
900 3972 1075 4057 Zingerleq
1095 3974 1223 4058 egregio
1235 3973 1307 4038 doo-

190 4091 378 4175 tissimoque
396 4092 475 4174 viro,
494 4095 599 4175 aperte
620 4088 750 4172 obloqui
771 4089 881 4153 audeo.
893 4087 984 4171 Nego
996 4087 1091 4170 enim,
1102 4088 1308 4171 pertinaciter

192 4223 283 4290 nego,
305 4203 456 4272 Ovidium
481 4225 581 4290 quum
605 4201 783 4267 immortale
804 4201 886 4266 illud
