2954 5130
708 514 770 582 127

311 701 458 769 Carmine
480 703 646 788 formosae,
669 705 771 789 pretio
793 704 966 789 capiuntur
987 722 1117 770 avarae:

355 815 509 901 Gaudeat,
532 822 570 883 ut
593 818 728 903 dignust,
752 817 900 883 versibus
922 817 979 894 illa
1000 819 1088 883 mels.

222 965 361 1050 Elegans
385 984 575 1051 componere
598 965 804 1051 proverbium
828 965 971 1031 voluisse
993 967 1129 1050 videtur,
1151 986 1216 1031 non
1246 966 1296 1031 in·

178 1081 272 1144 timae
305 1081 441 1164 pectoris
464 1098 610 1164 promere
640 1081 855 1165 cogitationes.
877 1079 1034 1164 Propertii
1057 1098 1133 1145 vero
1157 1080 1296 1146 dolorem

177 1198 209 1258 et
231 1195 293 1277 ipsi
316 1194 482 1278 sentimus,
506 1193 562 1258 ubi
584 1193 635 1277 (V,
660 1197 689 1277 b,
710 1195 751 1258 53
770 1214 816 1278 sq.
837 1199 869 1258 ot
890 1195 930 1256 56
953 1195 1011 1278 sq.)
1023 1194 1138 1279 plenus
1149 1194 1296 1280 indigna·

176 1308 274 1372 tionis
298 1328 389 1372 suam
414 1308 554 1392 puellam
578 1308 655 1373 haeo
676 1326 696 1372 a
719 1307 791 1372 lena
815 1307 964 1372 didioisse
987 1306 1095 1392 fingit:

309 1459 438 1524 Aurum
462 1462 611 1543 spectato,
632 1477 699 1523 non
723 1477 805 1543 quae
828 1478 943 1523 manus
965 1459 1075 1524 afferat
1096 1478 1221 1524 aurum.

354 1571 511 1637 Versibus
534 1572 653 1637 auditis
677 1572 755 1657 quid
777 1573 841 1637 nisi
864 1571 961 1637 rerba
983 1572 1089 1638 feres?

313 1683 521 1769 universus,
544 1684 627 1750 Coae
650 1685 772 1750 dederit
794 1705 853 1751 neo
876 1704 1010 1750 munera
1035 1687 1140 1770 vestis,

354 1798 454 1865 Istius
477 1798 535 1863 tibi
557 1800 599 1865 sit
622 1799 721 1865 surda
743 1799 812 1864 sino
836 1818 907 1864 aero
930 1799 1008 1881 lyra.

223 1952 307 2036 Apte
341 1970 415 2036 ergo
450 1951 504 2015 ille
537 1969 680 2035 suaeque
710 1954 843 2016 naturae
874 1951 1103 2015 convenienter
1133 1950 1173 2015 de
1202 1952 1296 2016 amici

178 2066 277 2149 Paeti,
311 2067 368 2150 qui
398 2065 491 2129 domo
521 2064 682 2150 profectus
712 2070 749 2129 ut
778 2068 957 2129 mercatura
979 2083 1047 2128 rom
1068 2063 1194 2148 faceret,
1216 2084 1296 2130 nau·

177 2179 279 2265 fregio
299 2179 401 2263 periit,
420 2196 619 2263 conquerens
637 2178 672 2241 in
684 2179 755 2242 auri
767 2197 889 2243 oaoram
901 2177 1017 2242 famem
1028 2177 1201 2261 invehitur,
1213 2197 1296 2263 quaa

179 2298 317 2378 quantas
340 2292 463 2358 afferret
486 2291 673 2356 mortalibus
695 2292 841 2356 miserias
863 2293 933 2376 ipse
952 2310 1046 2375 saepe
1064 2296 1113 2357 est
1135 2297 1295 2376 expertus.

178 2405 346 2471 Praeclara
369 2406 497 2490 quidem
521 2410 588 2470 tota
610 2410 666 2488 est,
690 2425 786 2490 quam
811 2405 850 2470 de
869 2406 929 2469 boo
951 2412 1137 2490 argumento
1161 2407 1297 2491 scripsit,

179 2520 287 2604 elegia,
310 2519 366 2585 sed
388 2519 423 2583 hi
445 2538 559 2584 versus
582 2520 695 2584 ceteris
719 2519 868 2585 omnibus
891 2525 1052 2604 praestare
1074 2520 1241 2585 ridentur:

224 2672 266 2734 43
313 2667 405 2746 Quod
428 2671 457 2734 si
479 2674 649 2735 contentus
672 2670 774 2754 patrio
800 2668 882 2734 bove
905 2674 1043 2735 verteret
1063 2690 1165 2756 agros,

356 2782 527 2868 Verbaque
550 2783 698 2849 duxisset
719 2782 846 2868 pondus
868 2782 985 2848 habere
1007 2803 1087 2868 mea,

312 2897 445 2962 Viveret
467 2903 541 2962 ante
564 2916 640 2962 suos
664 2897 768 2962 dulcis
790 2898 926 2962 conviva
953 2897 1097 2983 Penates,

356 3009 491 3095 Pauper,
514 3016 546 3075 at
567 3012 603 3075 in
625 3016 719 3094 terra,
741 3011 789 3075 nil
812 3010 868 3076 ubi
890 3009 967 3077 flare
989 3016 1101 3097 potest.
1196 3062 1198 3066 v

222 3503 363 3569 Tandem
394 3504 565 3588 aliquando
596 3503 721 3587 puellae
746 3504 881 3569 iniurias
904 3504 1026 3570 diutius
1049 3503 1131 3570 ferre
1154 3525 1218 3570 non
1241 3509 1297 3591 po

178 3623 257 3698 test;
281 3618 414 3683 accessit
441 3618 527 3682 enim
550 3617 667 3682 doloris
691 3636 787 3682 causa
811 3617 969 3702 prioribus
994 3618 1144 3683 omnibus
1168 3621 1297 3703 gravior

179 3730 251 3813 (ΠΙ,
276 3731 326 3815 10,
351 3731 390 3793 17
416 3731 515 3814 sqq.):

316 3866 396 3933 Cum
419 3885 495 3934 seno
517 3884 583 3931 non
605 3867 721 3952 puduit
743 3867 840 3932 talem
863 3867 1002 3933 dormire
1024 3868 1173 3954 puellam,
1306 3849 1311 3858 ’

359 3980 401 4046 Et
423 3998 521 4046 oanae
541 3981 635 4046 toties
658 3980 768 4047 oscula
789 3979 871 4045 ferre
894 3999 1019 4062 oomae;

315 4096 418 4160 Atto
440 4095 535 4160 etiam
557 4095 706 4159 iuvenem
730 4094 826 4159 odisti
848 4113 908 4178 me,
931 4094 1059 4179 perfida,
1082 4115 1154 4160 oum
1183 4095 1228 4160 oio

358 4208 433 4296 Ipsa
455 4226 537 4274 anus
559 4207 645 4272 haud
667 4207 763 4290 longa
785 4226 883 4272 surra
905 4207 1014 4272 futura
1037 4208 1096 4273 dio.
