<?xml version="1.0" encoding="UTF-8"?>
<!DOCTYPE html PUBLIC "-//W3C//DTD XHTML 1.0 Transitional//EN"
    "http://www.w3.org/TR/xhtml1/DTD/xhtml1-transitional.dtd">
<html xmlns="http://www.w3.org/1999/xhtml" xml:lang="en" lang="en">
 <head>
  <title>
</title>
<meta http-equiv="Content-Type" content="text/html;charset=utf-8" />
  <meta name='ocr-system' content='tesseract 3.04.00' />
  <meta name='ocr-capabilities' content='ocr_page ocr_carea ocr_par ocr_line ocrx_word'/>
</head>
<body>
  <div class='ocr_page' id='page_1' title='image "./dehoratiopota00hartgoog_0099.png"; bbox 0 0 2954 5130; ppageno 0'>
   <div class='ocr_carea' id='block_1_1' title="bbox 759 508 801 570">
    <p class='ocr_par' dir='ltr' id='par_1_1' title="bbox 759 508 801 570">
     <span class='ocr_line' id='line_1_1' title="bbox 759 508 801 570; baseline 0 0"><span class='ocrx_word' id='word_1_1' title='bbox 759 508 801 570; x_wconf 89' lang='lat'>88</span> 
     </span>
    </p>
   </div>
   <div class='ocr_carea' id='block_1_2' title="bbox 218 692 1337 2136">
    <p class='ocr_par' dir='ltr' id='par_1_2' title="bbox 218 692 1337 2136">
     <span class='ocr_line' id='line_1_2' title="bbox 220 692 1334 760; baseline 0 -2"><span class='ocrx_word' id='word_1_2' title='bbox 220 694 280 760; x_wconf 89' lang='lat' dir='ltr'>leio</span> <span class='ocrx_word' id='word_1_3' title='bbox 314 699 379 759; x_wconf 87' lang='lat' dir='ltr'>tam</span> <span class='ocrx_word' id='word_1_4' title='bbox 410 698 523 758; x_wconf 91' lang='lat' dir='ltr'>notum</span> <span class='ocrx_word' id='word_1_5' title='bbox 553 693 653 758; x_wconf 89' lang='lat' dir='ltr'>fuisse</span> <span class='ocrx_word' id='word_1_6' title='bbox 684 698 720 758; x_wconf 92' lang='lat' dir='ltr'>ut</span> <span class='ocrx_word' id='word_1_7' title='bbox 748 693 814 758; x_wconf 90' lang='lat' dir='ltr'>fere</span> <span class='ocrx_word' id='word_1_8' title='bbox 846 695 998 758; x_wconf 88' lang='lat' dir='ltr'>memoria</span> <span class='ocrx_word' id='word_1_9' title='bbox 1020 712 1094 757; x_wconf 91' lang='lat' dir='ltr'>eum</span> <span class='ocrx_word' id='word_1_10' title='bbox 1117 697 1248 758; x_wconf 88' lang='lat' dir='ltr'>teneret.</span> <span class='ocrx_word' id='word_1_11' title='bbox 1271 692 1334 758; x_wconf 84' lang='lat' dir='ltr'>Sed</span> 
     </span>
     <span class='ocr_line' id='line_1_3' title="bbox 220 806 1335 893; baseline -0.001 -21"><span class='ocrx_word' id='word_1_12' title='bbox 220 810 294 893; x_wconf 92' lang='lat' dir='ltr'>quis</span> <span class='ocrx_word' id='word_1_13' title='bbox 324 808 357 872; x_wconf 91' lang='lat' dir='ltr'>id</span> <span class='ocrx_word' id='word_1_14' title='bbox 386 807 591 872; x_wconf 78' lang='lat' dir='ltr'>affirmarent</span> <span class='ocrx_word' id='word_1_15' title='bbox 614 808 673 871; x_wconf 91' lang='lat' dir='ltr'>hoc</span> <span class='ocrx_word' id='word_1_16' title='bbox 697 812 884 892; x_wconf 90' lang='lat' dir='ltr'>argumento</span> <span class='ocrx_word' id='word_1_17' title='bbox 908 806 994 890; x_wconf 92' lang='lat' dir='ltr'>quod</span> <span class='ocrx_word' id='word_1_18' title='bbox 1017 808 1050 869; x_wconf 93' lang='lat' dir='ltr'>in</span> <span class='ocrx_word' id='word_1_19' title='bbox 1074 807 1129 870; x_wconf 93' lang='lat' dir='ltr'>illo</span> <span class='ocrx_word' id='word_1_20' title='bbox 1152 808 1254 891; x_wconf 90' lang='lat' dir='ltr'>capite</span> <span class='ocrx_word' id='word_1_21' title='bbox 1278 826 1335 871; x_wconf 90' lang='lat' dir='ltr'>no-</span> 
     </span>
     <span class='ocr_line' id='line_1_4' title="bbox 219 918 1334 1004; baseline -0.002 -19"><span class='ocrx_word' id='word_1_22' title='bbox 219 923 306 986; x_wconf 91' lang='lat' dir='ltr'>mina</span> <span class='ocrx_word' id='word_1_23' title='bbox 336 919 501 986; x_wconf 77' lang='lat' dir='ltr'>Censorini</span> <span class='ocrx_word' id='word_1_24' title='bbox 531 919 700 1004; x_wconf 87' lang='lat' dir='ltr'>Lolliique,</span> <span class='ocrx_word' id='word_1_25' title='bbox 723 921 762 984; x_wconf 96' lang='lat' dir='ltr'>ad</span> <span class='ocrx_word' id='word_1_26' title='bbox 786 939 867 1004; x_wconf 92' lang='lat' dir='ltr'>quos</span> <span class='ocrx_word' id='word_1_27' title='bbox 892 918 1045 983; x_wconf 81' lang='lat' dir='ltr'><strong>Horatius</strong></span> <span class='ocrx_word' id='word_1_28' title='bbox 1069 921 1210 983; x_wconf 89' lang='lat' dir='ltr'>carmina</span> <span class='ocrx_word' id='word_1_29' title='bbox 1233 919 1291 1000; x_wconf 90' lang='lat' dir='ltr'>IV,</span> <span class='ocrx_word' id='word_1_30' title='bbox 1314 921 1334 983; x_wconf 89' lang='lat'><em>8</em></span> 
     </span>
     <span class='ocr_line' id='line_1_5' title="bbox 220 1032 1335 1120; baseline -0.002 -20"><span class='ocrx_word' id='word_1_31' title='bbox 220 1041 252 1100; x_wconf 91' lang='lat' dir='ltr'>et</span> <span class='ocrx_word' id='word_1_32' title='bbox 275 1036 294 1098; x_wconf 88' lang='grc'>9</span> <span class='ocrx_word' id='word_1_33' title='bbox 319 1036 457 1120; x_wconf 79' lang='lat' dir='ltr'>scripsit,</span> <span class='ocrx_word' id='word_1_34' title='bbox 478 1034 710 1099; x_wconf 77' lang='lat' dir='ltr'>inveniantur?</span> <span class='ocrx_word' id='word_1_35' title='bbox 736 1033 848 1098; x_wconf 85' lang='lat' dir='ltr'>Oblata</span> <span class='ocrx_word' id='word_1_36' title='bbox 871 1034 956 1098; x_wconf 90' lang='lat' dir='ltr'>enim</span> <span class='ocrx_word' id='word_1_37' title='bbox 979 1033 1130 1097; x_wconf 82' lang='lat' dir='ltr'>facultate</span> <span class='ocrx_word' id='word_1_38' title='bbox 1152 1035 1239 1098; x_wconf 87' lang='lat' dir='ltr'>viros</span> <span class='ocrx_word' id='word_1_39' title='bbox 1262 1032 1335 1098; x_wconf 94' lang='lat' dir='ltr'>illos</span> 
     </span>
     <span class='ocr_line' id='line_1_6' title="bbox 219 1147 1334 1232; baseline -0.003 -19"><span class='ocrx_word' id='word_1_40' title='bbox 219 1150 363 1214; x_wconf 91' lang='lat' dir='ltr'>nominat</span> <span class='ocrx_word' id='word_1_41' title='bbox 393 1148 546 1232; x_wconf 81' lang='lat' dir='ltr'>Velleius,</span> <span class='ocrx_word' id='word_1_42' title='bbox 577 1168 683 1232; x_wconf 90' lang='lat' dir='ltr'>neque</span> <span class='ocrx_word' id='word_1_43' title='bbox 714 1147 808 1212; x_wconf 89' lang='lat' dir='ltr'>aliam</span> <span class='ocrx_word' id='word_1_44' title='bbox 841 1147 881 1212; x_wconf 94' lang='lat' dir='ltr'>ob</span> <span class='ocrx_word' id='word_1_45' title='bbox 905 1167 1034 1211; x_wconf 91' lang='lat' dir='ltr'>causam</span> <span class='ocrx_word' id='word_1_46' title='bbox 1059 1166 1113 1211; x_wconf 91' lang='lat' dir='ltr'>eos</span> <span class='ocrx_word' id='word_1_47' title='bbox 1136 1147 1334 1211; x_wconf 87' lang='lat' dir='ltr'>coniunctim</span> 
     </span>
     <span class='ocr_line' id='line_1_7' title="bbox 219 1260 1336 1347; baseline -0.003 -19"><span class='ocrx_word' id='word_1_48' title='bbox 219 1267 444 1328; x_wconf 79' lang='lat' dir='ltr'>commemorat</span> <span class='ocrx_word' id='word_1_49' title='bbox 477 1282 573 1347; x_wconf 90' lang='lat' dir='ltr'>quam</span> <span class='ocrx_word' id='word_1_50' title='bbox 604 1262 691 1346; x_wconf 91' lang='lat' dir='ltr'>quod</span> <span class='ocrx_word' id='word_1_51' title='bbox 714 1262 824 1326; x_wconf 93' lang='lat' dir='ltr'>eodem</span> <span class='ocrx_word' id='word_1_52' title='bbox 849 1266 992 1345; x_wconf 92' lang='lat' dir='ltr'>tempore</span> <span class='ocrx_word' id='word_1_53' title='bbox 1015 1262 1049 1324; x_wconf 95' lang='lat' dir='ltr'>in</span> <span class='ocrx_word' id='word_1_54' title='bbox 1072 1260 1181 1324; x_wconf 89' lang='lat' dir='ltr'>eadem</span> <span class='ocrx_word' id='word_1_55' title='bbox 1206 1261 1336 1344; x_wconf 83' lang='lat' dir='ltr'>regione</span> 
     </span>
     <span class='ocr_line' id='line_1_8' title="bbox 220 1374 1336 1460; baseline -0.004 -18"><span class='ocrx_word' id='word_1_56' title='bbox 220 1376 302 1442; x_wconf 92' lang='lat' dir='ltr'>diem</span> <span class='ocrx_word' id='word_1_57' title='bbox 334 1375 483 1442; x_wconf 91' lang='lat' dir='ltr'>obierunt</span> <span class='ocrx_word' id='word_1_58' title='bbox 513 1395 708 1460; x_wconf 84' lang='lat' dir='ltr'>supremum.</span> <span class='ocrx_word' id='word_1_59' title='bbox 732 1374 816 1452; x_wconf 81' lang='lat' dir='ltr'>Quid</span> <span class='ocrx_word' id='word_1_60' title='bbox 841 1375 926 1459; x_wconf 91' lang='lat' dir='ltr'>quod</span> <span class='ocrx_word' id='word_1_61' title='bbox 950 1395 987 1440; x_wconf 90' lang='lat' dir='ltr'>ea</span> <span class='ocrx_word' id='word_1_62' title='bbox 1010 1375 1050 1438; x_wconf 91' lang='lat' dir='ltr'>de</span> <span class='ocrx_word' id='word_1_63' title='bbox 1071 1375 1135 1438; x_wconf 93' lang='lat' dir='ltr'>illis</span> <span class='ocrx_word' id='word_1_64' title='bbox 1158 1378 1265 1438; x_wconf 87' lang='lat' dir='ltr'>narrat</span> <span class='ocrx_word' id='word_1_65' title='bbox 1290 1380 1336 1456; x_wconf 87' lang='lat' dir='ltr'>ut,</span> 
     </span>
     <span class='ocr_line' id='line_1_9' title="bbox 218 1489 1336 1574; baseline -0.001 -19"><span class='ocrx_word' id='word_1_66' title='bbox 218 1492 283 1556; x_wconf 89' lang='lat' dir='ltr'>nisi</span> <span class='ocrx_word' id='word_1_67' title='bbox 306 1490 432 1555; x_wconf 89' lang='lat' dir='ltr'>Horatii</span> <span class='ocrx_word' id='word_1_68' title='bbox 455 1510 586 1574; x_wconf 89' lang='lat' dir='ltr'>prorsus</span> <span class='ocrx_word' id='word_1_69' title='bbox 607 1490 722 1555; x_wconf 86' lang='lat' dir='ltr'>fuisset</span> <span class='ocrx_word' id='word_1_70' title='bbox 742 1491 920 1572; x_wconf 88' lang='lat' dir='ltr'>immemor,</span> <span class='ocrx_word' id='word_1_71' title='bbox 939 1489 1064 1553; x_wconf 90' lang='lat' dir='ltr'>silentio</span> <span class='ocrx_word' id='word_1_72' title='bbox 1077 1507 1150 1553; x_wconf 93' lang='lat' dir='ltr'>eum</span> <span class='ocrx_word' id='word_1_73' title='bbox 1162 1489 1336 1572; x_wconf 86' lang='lat' dir='ltr'>praeterire</span> 
     </span>
     <span class='ocr_line' id='line_1_10' title="bbox 219 1602 1333 1688; baseline -0.002 -19"><span class='ocrx_word' id='word_1_74' title='bbox 219 1624 284 1669; x_wconf 92' lang='lat' dir='ltr'>non</span> <span class='ocrx_word' id='word_1_75' title='bbox 302 1605 467 1688; x_wconf 87' lang='lat' dir='ltr'>potuisset.</span> <span class='ocrx_word' id='word_1_76' title='bbox 491 1603 586 1669; x_wconf 80' lang='lat' dir='ltr'>Forte</span> <span class='ocrx_word' id='word_1_77' title='bbox 609 1605 694 1668; x_wconf 90' lang='lat' dir='ltr'>enim</span> <span class='ocrx_word' id='word_1_78' title='bbox 716 1603 763 1666; x_wconf 94' lang='lat' dir='ltr'>illi</span> <span class='ocrx_word' id='word_1_79' title='bbox 787 1604 847 1666; x_wconf 83' lang='lat' dir='ltr'>viri</span> <span class='ocrx_word' id='word_1_80' title='bbox 870 1609 901 1668; x_wconf 91' lang='lat' dir='ltr'>et</span> <span class='ocrx_word' id='word_1_81' title='bbox 924 1603 1009 1687; x_wconf 92' lang='lat' dir='ltr'>apud</span> <span class='ocrx_word' id='word_1_82' title='bbox 1033 1602 1202 1667; x_wconf 89' lang='lat' dir='ltr'>Horatium</span> <span class='ocrx_word' id='word_1_83' title='bbox 1224 1602 1333 1667; x_wconf 88' lang='lat' dir='ltr'>eadem</span> 
     </span>
     <span class='ocr_line' id='line_1_11' title="bbox 219 1716 1336 1806; baseline -0.004 -23"><span class='ocrx_word' id='word_1_84' title='bbox 219 1721 335 1806; x_wconf 89' lang='lat' dir='ltr'>pagina</span> <span class='ocrx_word' id='word_1_85' title='bbox 369 1723 658 1784; x_wconf 89' lang='lat' dir='ltr'>commemorantur</span> <span class='ocrx_word' id='word_1_86' title='bbox 689 1723 720 1783; x_wconf 95' lang='lat' dir='ltr'>et</span> <span class='ocrx_word' id='word_1_87' title='bbox 743 1719 867 1802; x_wconf 90' lang='lat' dir='ltr'>magnis</span> <span class='ocrx_word' id='word_1_88' title='bbox 890 1716 1039 1781; x_wconf 84' lang='lat' dir='ltr'>laudibus</span> <span class='ocrx_word' id='word_1_89' title='bbox 1062 1716 1227 1781; x_wconf 87' lang='lat' dir='ltr'>extollitur</span> <span class='ocrx_word' id='word_1_90' title='bbox 1250 1721 1336 1781; x_wconf 87' lang='lat' dir='ltr'>uter·</span> 
     </span>
     <span class='ocr_line' id='line_1_12' title="bbox 220 1829 1336 1917; baseline -0.003 -21"><span class='ocrx_word' id='word_1_91' title='bbox 220 1852 283 1917; x_wconf 86' lang='lat' dir='ltr'>que</span> <span class='ocrx_word' id='word_1_92' title='bbox 306 1832 362 1897; x_wconf 89' lang='lat' dir='ltr'>sed</span> <span class='ocrx_word' id='word_1_93' title='bbox 385 1832 486 1896; x_wconf 92' lang='lat' dir='ltr'>multo</span> <span class='ocrx_word' id='word_1_94' title='bbox 511 1830 684 1896; x_wconf 88' lang='lat' dir='ltr'>maioribus</span> <span class='ocrx_word' id='word_1_95' title='bbox 706 1830 845 1896; x_wconf 87' lang='lat' dir='ltr'>Lollius:</span> <span class='ocrx_word' id='word_1_96' title='bbox 870 1832 898 1895; x_wconf 94' lang='lat' dir='ltr'>is</span> <span class='ocrx_word' id='word_1_97' title='bbox 922 1831 1006 1895; x_wconf 90' lang='lat' dir='ltr'>enim</span> <span class='ocrx_word' id='word_1_98' title='bbox 1026 1829 1071 1893; x_wconf 92' lang='lat' dir='ltr'>ibi</span> <span class='ocrx_word' id='word_1_99' title='bbox 1088 1835 1336 1914; x_wconf 87' lang='lat' dir='ltr'>tamquamper-</span> 
     </span>
     <span class='ocr_line' id='line_1_13' title="bbox 218 1943 1337 2031; baseline -0.003 -21"><span class='ocrx_word' id='word_1_100' title='bbox 218 1946 293 2012; x_wconf 83' lang='lat' dir='ltr'>fecti</span> <span class='ocrx_word' id='word_1_101' title='bbox 327 1946 467 2011; x_wconf 89' lang='lat' dir='ltr'>hominis</span> <span class='ocrx_word' id='word_1_102' title='bbox 501 1948 607 2031; x_wconf 84' lang='lat' dir='ltr'>imago</span> <span class='ocrx_word' id='word_1_103' title='bbox 641 1944 775 2010; x_wconf 87' lang='lat' dir='ltr'>habetur</span> <span class='ocrx_word' id='word_1_104' title='bbox 808 1947 841 2008; x_wconf 93' lang='lat' dir='ltr'>in</span> <span class='ocrx_word' id='word_1_105' title='bbox 874 1964 938 2029; x_wconf 89' lang='lat' dir='ltr'>quo</span> <span class='ocrx_word' id='word_1_106' title='bbox 970 1943 1059 2008; x_wconf 92' lang='lat' dir='ltr'>nulla</span> <span class='ocrx_word' id='word_1_107' title='bbox 1082 1963 1147 2007; x_wconf 93' lang='lat' dir='ltr'>non</span> <span class='ocrx_word' id='word_1_108' title='bbox 1172 1943 1337 2027; x_wconf 88' lang='lat' dir='ltr'>splendeat</span> 
     </span>
     <span class='ocr_line' id='line_1_14' title="bbox 219 2057 1336 2136; baseline -0.004 -11"><span class='ocrx_word' id='word_1_109' title='bbox 219 2061 331 2125; x_wconf 88' lang='lat' dir='ltr'>virtus.</span> <span class='ocrx_word' id='word_1_110' title='bbox 356 2057 442 2136; x_wconf 80' lang='lat' dir='ltr'>Quid</span> <span class='ocrx_word' id='word_1_111' title='bbox 463 2065 571 2125; x_wconf 91' lang='lat' dir='ltr'>autem</span> <span class='ocrx_word' id='word_1_112' title='bbox 594 2058 762 2124; x_wconf 82' lang='lat' dir='ltr'>Velleius?</span> <span class='ocrx_word' id='word_1_113' title='bbox 783 2057 992 2123; x_wconf 80' lang='lat' dir='ltr'>Censorinum</span> <span class='ocrx_word' id='word_1_114' title='bbox 1015 2057 1091 2121; x_wconf 90' lang='lat' dir='ltr'>dicit</span> <span class='ocrx_word' id='word_1_115' title='bbox 1109 2057 1209 2122; x_wconf 88' lang='lat' dir='ltr'>inisse</span> <span class='ocrx_word' id='word_1_116' title='bbox 1229 2058 1336 2122; x_wconf 87' lang='lat' dir='ltr'>virum</span> 
     </span>
    </p>
   </div>
   <div class='ocr_carea' id='block_1_3' title="bbox 124 2170 1338 2257">
    <p class='ocr_par' dir='ltr' id='par_1_3' title="bbox 124 2170 1338 2257">
     <span class='ocr_line' id='line_1_15' title="bbox 124 2170 1338 2257; baseline -0.004 -17"><span class='ocrx_word' id='word_1_117' title='bbox 124 2201 126 2205; x_wconf 64' lang='grc'>’</span> <span class='ocrx_word' id='word_1_118' title='bbox 219 2174 484 2239; x_wconf 86' lang='lat' dir='ltr'>demerendis</span> <span class='ocrx_word' id='word_1_119' title='bbox 507 2173 751 2238; x_wconf 90' lang='lat' dir='ltr'>hominibus</span> <span class='ocrx_word' id='word_1_120' title='bbox 774 2173 979 2257; x_wconf 91' lang='lat' dir='ltr'>genitum,</span> <span class='ocrx_word' id='word_1_121' title='bbox 1002 2170 1095 2235; x_wconf 88' lang='lat' dir='ltr'>Lollii</span> <span class='ocrx_word' id='word_1_122' title='bbox 1119 2177 1229 2236; x_wconf 91' lang='lat' dir='ltr'>contra</span> <span class='ocrx_word' id='word_1_123' title='bbox 1248 2176 1338 2235; x_wconf 91' lang='lat' dir='ltr'>notat</span> 
     </span>
    </p>
   </div>
   <div class='ocr_carea' id='block_1_4' title="bbox 219 2285 1337 2595">
    <p class='ocr_par' dir='ltr' id='par_1_4' title="bbox 219 2285 1337 2595">
     <span class='ocr_line' id='line_1_16' title="bbox 219 2285 1337 2371; baseline -0.005 -19"><span class='ocrx_word' id='word_1_124' title='bbox 219 2286 386 2371; x_wconf 87' lang='lat' dir='ltr'>perfida</span> <span class='ocrx_word' id='word_1_125' title='bbox 429 2291 468 2351; x_wconf 92' lang='lat' dir='ltr'>et</span> <span class='ocrx_word' id='word_1_126' title='bbox 512 2287 637 2371; x_wconf 88' lang='lat' dir='ltr'>plena</span> <span class='ocrx_word' id='word_1_127' title='bbox 682 2285 854 2351; x_wconf 92' lang='lat' dir='ltr'>subdoli</span> <span class='ocrx_word' id='word_1_128' title='bbox 900 2305 948 2348; x_wconf 88' lang='lat' dir='ltr'>ac</span> <span class='ocrx_word' id='word_1_129' title='bbox 994 2286 1161 2349; x_wconf 88' lang='lat' dir='ltr'>versuti</span> <span class='ocrx_word' id='word_1_130' title='bbox 1206 2285 1337 2348; x_wconf 92' lang='lat' dir='ltr'>animi</span> 
     </span>
     <span class='ocr_line' id='line_1_17' title="bbox 219 2389 620 2464; baseline -0.005 0"><span class='ocrx_word' id='word_1_131' title='bbox 219 2390 432 2464; x_wconf 65' lang='lat' dir='ltr'>consilia.⁴</span> <span class='ocrx_word' id='word_1_132' title='bbox 578 2389 620 2407; x_wconf 74' lang='grc'>“’</span> 
     </span>
     <span class='ocr_line' id='line_1_18' title="bbox 263 2511 1336 2595; baseline 0.001 -19"><span class='ocrx_word' id='word_1_133' title='bbox 263 2511 401 2577; x_wconf 82' lang='lat' dir='ltr'>Transeo</span> <span class='ocrx_word' id='word_1_134' title='bbox 425 2530 513 2577; x_wconf 88' lang='lat' dir='ltr'>nunc</span> <span class='ocrx_word' id='word_1_135' title='bbox 536 2512 576 2576; x_wconf 89' lang='lat' dir='ltr'>ad</span> <span class='ocrx_word' id='word_1_136' title='bbox 596 2513 814 2576; x_wconf 88' lang='lat' dir='ltr'>testimonium</span> <span class='ocrx_word' id='word_1_137' title='bbox 835 2514 928 2576; x_wconf 91' lang='lat' dir='ltr'>cuius</span> <span class='ocrx_word' id='word_1_138' title='bbox 948 2531 1006 2595; x_wconf 91' lang='lat' dir='ltr'>ego</span> <span class='ocrx_word' id='word_1_139' title='bbox 1027 2514 1218 2577; x_wconf 88' lang='lat' dir='ltr'>mentionem</span> <span class='ocrx_word' id='word_1_140' title='bbox 1231 2511 1336 2577; x_wconf 88' lang='lat' dir='ltr'>iacere</span> 
     </span>
    </p>
   </div>
   <div class='ocr_carea' id='block_1_5' title="bbox 219 2624 1338 2937">
    <p class='ocr_par' dir='ltr' id='par_1_5' title="bbox 219 2624 1338 2937">
     <span class='ocr_line' id='line_1_19' title="bbox 219 2624 1337 2709; baseline 0.002 -21"><span class='ocrx_word' id='word_1_141' title='bbox 219 2644 286 2689; x_wconf 91' lang='lat' dir='ltr'>non</span> <span class='ocrx_word' id='word_1_142' title='bbox 320 2625 470 2690; x_wconf 90' lang='lat' dir='ltr'>auderem</span> <span class='ocrx_word' id='word_1_143' title='bbox 505 2626 569 2690; x_wconf 94' lang='lat' dir='ltr'>nisi</span> <span class='ocrx_word' id='word_1_144' title='bbox 603 2624 727 2690; x_wconf 89' lang='lat' dir='ltr'>infinita</span> <span class='ocrx_word' id='word_1_145' title='bbox 761 2627 903 2690; x_wconf 84' lang='lat' dir='ltr'>virorum</span> <span class='ocrx_word' id='word_1_146' title='bbox 934 2625 1100 2689; x_wconf 88' lang='lat' dir='ltr'>doctorum</span> <span class='ocrx_word' id='word_1_147' title='bbox 1135 2645 1186 2689; x_wconf 91' lang='lat' dir='ltr'>me</span> <span class='ocrx_word' id='word_1_148' title='bbox 1210 2631 1337 2709; x_wconf 89' lang='lat' dir='ltr'>cogeret</span> 
     </span>
     <span class='ocr_line' id='line_1_20' title="bbox 219 2739 1337 2825; baseline 0.002 -23"><span class='ocrx_word' id='word_1_149' title='bbox 219 2739 394 2820; x_wconf 87' lang='lat' dir='ltr'>industria;</span> <span class='ocrx_word' id='word_1_150' title='bbox 418 2741 519 2824; x_wconf 87' lang='lat' dir='ltr'>magis</span> <span class='ocrx_word' id='word_1_151' title='bbox 544 2741 629 2804; x_wconf 90' lang='lat' dir='ltr'>enim</span> <span class='ocrx_word' id='word_1_152' title='bbox 653 2740 813 2804; x_wconf 90' lang='lat' dir='ltr'>ludicrum</span> <span class='ocrx_word' id='word_1_153' title='bbox 836 2745 885 2804; x_wconf 92' lang='lat' dir='ltr'>est</span> <span class='ocrx_word' id='word_1_154' title='bbox 908 2760 1004 2824; x_wconf 92' lang='lat' dir='ltr'>quam</span> <span class='ocrx_word' id='word_1_155' title='bbox 1026 2759 1084 2825; x_wconf 89' lang='lat' dir='ltr'>pro</span> <span class='ocrx_word' id='word_1_156' title='bbox 1103 2740 1202 2805; x_wconf 92' lang='lat' dir='ltr'>huius</span> <span class='ocrx_word' id='word_1_157' title='bbox 1222 2759 1337 2825; x_wconf 91' lang='lat' dir='ltr'>quaes-</span> 
     </span>
     <span class='ocr_line' id='line_1_21' title="bbox 219 2850 1338 2937; baseline 0.001 -21"><span class='ocrx_word' id='word_1_158' title='bbox 219 2853 316 2917; x_wconf 87' lang='lat' dir='ltr'>tionis</span> <span class='ocrx_word' id='word_1_159' title='bbox 339 2853 500 2936; x_wconf 86' lang='lat' dir='ltr'>gravitate.</span> <span class='ocrx_word' id='word_1_160' title='bbox 527 2851 689 2937; x_wconf 88' lang='lat' dir='ltr'>Inspicere</span> <span class='ocrx_word' id='word_1_161' title='bbox 712 2853 798 2917; x_wconf 93' lang='lat' dir='ltr'>enim</span> <span class='ocrx_word' id='word_1_162' title='bbox 821 2853 970 2917; x_wconf 89' lang='lat' dir='ltr'>lectorem</span> <span class='ocrx_word' id='word_1_163' title='bbox 993 2850 1071 2916; x_wconf 65' lang='lat' dir='ltr'>aare</span> <span class='ocrx_word' id='word_1_164' title='bbox 1090 2856 1203 2931; x_wconf 80' lang='grc' dir='ltr'><em>σεμνῶς</em></span> <span class='ocrx_word' id='word_1_165' title='bbox 1223 2852 1338 2918; x_wconf 87' lang='lat' dir='ltr'>iubent</span> 
     </span>
    </p>
   </div>
   <div class='ocr_carea' id='block_1_6' title="bbox 488 3014 1072 3195">
    <p class='ocr_par' dir='ltr' id='par_1_6' title="bbox 488 3014 1072 3195">
     <span class='ocr_line' id='line_1_22' title="bbox 488 3014 1072 3080; baseline 0 0"><span class='ocrx_word' id='word_1_166' title='bbox 488 3014 608 3080; x_wconf 76' lang='lat' dir='ltr'>Gonnus</span> <span class='ocrx_word' id='word_1_167' title='bbox 630 3015 867 3080; x_wconf 80' lang='lat' dir='ltr'>Iusonrrrrorun</span> <span class='ocrx_word' id='word_1_168' title='bbox 889 3014 1072 3080; x_wconf 71' lang='lat' dir='ltr'>Lnrnrsnun</span> 
     </span>
     <span class='ocr_line' id='line_1_23' title="bbox 530 3129 1026 3195; baseline 0.002 -2"><span class='ocrx_word' id='word_1_169' title='bbox 530 3129 600 3194; x_wconf 87' lang='lat' dir='ltr'>Vol.</span> <span class='ocrx_word' id='word_1_170' title='bbox 623 3129 671 3193; x_wconf 87' lang='lat' dir='ltr'>IV</span> <span class='ocrx_word' id='word_1_171' title='bbox 692 3129 746 3194; x_wconf 65' lang='grc' dir='ltr'>ΝΟ.</span> <span class='ocrx_word' id='word_1_172' title='bbox 768 3131 853 3194; x_wconf 79' lang='lat'><strong>3135</strong></span> <span class='ocrx_word' id='word_1_173' title='bbox 877 3138 909 3195; x_wconf 89' lang='lat' dir='ltr'>et</span> <span class='ocrx_word' id='word_1_174' title='bbox 932 3130 1026 3194; x_wconf 78' lang='lat'>1237.</span> 
     </span>
    </p>
   </div>
   <div class='ocr_carea' id='block_1_7' title="bbox 187 3302 1339 4310">
    <p class='ocr_par' dir='ltr' id='par_1_7' title="bbox 187 3302 1339 3958">
     <span class='ocr_line' id='line_1_24' title="bbox 265 3302 1338 3389; baseline 0.003 -21"><span class='ocrx_word' id='word_1_175' title='bbox 265 3302 350 3381; x_wconf 83' lang='lat' dir='ltr'>Quid</span> <span class='ocrx_word' id='word_1_176' title='bbox 372 3310 480 3369; x_wconf 86' lang='lat' dir='ltr'>autem</span> <span class='ocrx_word' id='word_1_177' title='bbox 502 3303 547 3367; x_wconf 91' lang='lat' dir='ltr'>ibi</span> <span class='ocrx_word' id='word_1_178' title='bbox 570 3305 778 3369; x_wconf 77' lang='lat' dir='ltr'>invenimus?</span> <span class='ocrx_word' id='word_1_179' title='bbox 798 3304 959 3369; x_wconf 90' lang='lat' dir='ltr'>Puerulus</span> <span class='ocrx_word' id='word_1_180' title='bbox 979 3304 1109 3389; x_wconf 88' lang='lat' dir='ltr'>quidam</span> <span class='ocrx_word' id='word_1_181' title='bbox 1121 3304 1338 3389; x_wconf 92' lang='lat' dir='ltr'>Pompeianus</span> 
     </span>
     <span class='ocr_line' id='line_1_25' title="bbox 220 3418 1339 3504; baseline 0.004 -22"><span class='ocrx_word' id='word_1_182' title='bbox 220 3420 254 3483; x_wconf 94' lang='lat' dir='ltr'>in</span> <span class='ocrx_word' id='word_1_183' title='bbox 278 3418 393 3483; x_wconf 89' lang='lat' dir='ltr'>domus</span> <span class='ocrx_word' id='word_1_184' title='bbox 416 3419 584 3483; x_wconf 91' lang='lat' dir='ltr'>cuiusdam</span> <span class='ocrx_word' id='word_1_185' title='bbox 609 3421 728 3504; x_wconf 88' lang='lat' dir='ltr'>pariete</span> <span class='ocrx_word' id='word_1_186' title='bbox 751 3419 940 3485; x_wconf 85' lang='lat' dir='ltr'>scribillavit</span> <span class='ocrx_word' id='word_1_187' title='bbox 959 3419 1115 3484; x_wconf 87' lang='lat' dir='ltr'>vocabula</span> <span class='ocrx_word' id='word_1_188' title='bbox 1134 3419 1339 3486; x_wconf 86' lang='lat' dir='ltr'>Romulus</span> 
     </span>
     <span class='ocr_line' id='line_1_26' title="bbox 219 3532 1339 3618; baseline 0.002 -22"><span class='ocrx_word' id='word_1_189' title='bbox 219 3533 261 3596; x_wconf 94' lang='lat' dir='ltr'>in</span> <span class='ocrx_word' id='word_1_190' title='bbox 297 3532 433 3613; x_wconf 87' lang='lat' dir='ltr'>coelo;</span> <span class='ocrx_word' id='word_1_191' title='bbox 468 3534 503 3596; x_wconf 90' lang='lat' dir='ltr'>in</span> <span class='ocrx_word' id='word_1_192' title='bbox 535 3533 618 3597; x_wconf 87' lang='lat' dir='ltr'>alius</span> <span class='ocrx_word' id='word_1_193' title='bbox 649 3533 764 3598; x_wconf 90' lang='lat' dir='ltr'>domus</span> <span class='ocrx_word' id='word_1_194' title='bbox 794 3534 913 3617; x_wconf 87' lang='lat' dir='ltr'>pariete</span> <span class='ocrx_word' id='word_1_195' title='bbox 944 3534 1007 3598; x_wconf 92' lang='lat' dir='ltr'>duo</span> <span class='ocrx_word' id='word_1_196' title='bbox 1032 3552 1144 3598; x_wconf 88' lang='lat' dir='ltr'>versus</span> <span class='ocrx_word' id='word_1_197' title='bbox 1167 3534 1339 3618; x_wconf 85' lang='lat' dir='ltr'>Virgiliani</span> 
     </span>
     <span class='ocr_line' id='line_1_27' title="bbox 220 3645 1338 3733; baseline 0.004 -24"><span class='ocrx_word' id='word_1_198' title='bbox 220 3645 371 3730; x_wconf 88' lang='lat' dir='ltr'>leguntur</span> <span class='ocrx_word' id='word_1_199' title='bbox 405 3645 461 3710; x_wconf 91' lang='lat' dir='ltr'>sed</span> <span class='ocrx_word' id='word_1_200' title='bbox 496 3651 561 3710; x_wconf 78' lang='lat' dir='ltr'>tam</span> <span class='ocrx_word' id='word_1_201' title='bbox 594 3647 708 3712; x_wconf 89' lang='lat' dir='ltr'>misere</span> <span class='ocrx_word' id='word_1_202' title='bbox 743 3649 886 3731; x_wconf 90' lang='lat' dir='ltr'>corrupti</span> <span class='ocrx_word' id='word_1_203' title='bbox 918 3652 955 3712; x_wconf 90' lang='lat' dir='ltr'>ut</span> <span class='ocrx_word' id='word_1_204' title='bbox 990 3666 1043 3712; x_wconf 92' lang='lat' dir='ltr'>eos</span> <span class='ocrx_word' id='word_1_205' title='bbox 1079 3649 1189 3713; x_wconf 87' lang='lat' dir='ltr'>afferre</span> <span class='ocrx_word' id='word_1_206' title='bbox 1223 3650 1338 3733; x_wconf 86' lang='lat' dir='ltr'>pigeat.</span> 
     </span>
     <span class='ocr_line' id='line_1_28' title="bbox 220 3758 1338 3848; baseline 0.003 -24"><span class='ocrx_word' id='word_1_207' title='bbox 220 3758 344 3825; x_wconf 87' lang='lat' dir='ltr'>Docent</span> <span class='ocrx_word' id='word_1_208' title='bbox 366 3779 441 3844; x_wconf 89' lang='lat' dir='ltr'>ergo</span> <span class='ocrx_word' id='word_1_209' title='bbox 464 3760 525 3823; x_wconf 87' lang='lat' dir='ltr'>viri</span> <span class='ocrx_word' id='word_1_210' title='bbox 549 3759 632 3824; x_wconf 90' lang='lat' dir='ltr'>docti</span> <span class='ocrx_word' id='word_1_211' title='bbox 654 3762 688 3823; x_wconf 93' lang='lat' dir='ltr'>in</span> <span class='ocrx_word' id='word_1_212' title='bbox 712 3760 980 3846; x_wconf 88' lang='lat' dir='ltr'>Inscriptionibus</span> <span class='ocrx_word' id='word_1_213' title='bbox 1002 3761 1205 3846; x_wconf 89' lang='lat' dir='ltr'>Pompeianis</span> <span class='ocrx_word' id='word_1_214' title='bbox 1229 3762 1338 3848; x_wconf 83' lang='lat' dir='ltr'>Virgi-</span> 
     </span>
     <span class='ocr_line' id='line_1_29' title="bbox 187 3873 1336 3958; baseline 0.003 -20"><span class='ocrx_word' id='word_1_215' title='bbox 187 3948 190 3954; x_wconf 32' lang='lat'>&lt;</span> <span class='ocrx_word' id='word_1_216' title='bbox 220 3874 300 3939; x_wconf 92' lang='lat' dir='ltr'>lium</span> <span class='ocrx_word' id='word_1_217' title='bbox 336 3874 466 3957; x_wconf 88' lang='lat' dir='ltr'>quidem</span> <span class='ocrx_word' id='word_1_218' title='bbox 496 3878 528 3938; x_wconf 89' lang='lat' dir='ltr'>et</span> <span class='ocrx_word' id='word_1_219' title='bbox 555 3873 698 3938; x_wconf 81' lang='lat' dir='ltr'>Ennium</span> <span class='ocrx_word' id='word_1_220' title='bbox 729 3876 824 3939; x_wconf 87' lang='lat' dir='ltr'>etiam</span> <span class='ocrx_word' id='word_1_221' title='bbox 848 3876 946 3958; x_wconf 84' lang='lat' dir='ltr'>citari,</span> <span class='ocrx_word' id='word_1_222' title='bbox 970 3895 1034 3939; x_wconf 94' lang='lat' dir='ltr'>non</span> <span class='ocrx_word' id='word_1_223' title='bbox 1057 3895 1132 3941; x_wconf 86' lang='lat' dir='ltr'>vero</span> <span class='ocrx_word' id='word_1_224' title='bbox 1156 3876 1336 3942; x_wconf 87' lang='lat' dir='ltr'>Horatium.</span> 
     </span>
    </p>

    <p class='ocr_par' dir='ltr' id='par_1_8' title="bbox 219 3984 1336 4310">
     <span class='ocr_line' id='line_1_30' title="bbox 265 3984 1336 4073; baseline 0.005 -23"><span class='ocrx_word' id='word_1_225' title='bbox 265 3985 439 4051; x_wconf 78' lang='lat' dir='ltr'>Catonis</span> <span class='ocrx_word' id='word_1_226' title='bbox 461 3984 750 4051; x_wconf 90' lang='lat' dir='ltr'>Distichorum</span> <span class='ocrx_word' id='word_1_227' title='bbox 774 3985 870 4051; x_wconf 88' lang='lat' dir='ltr'>Libro</span> <span class='ocrx_word' id='word_1_228' title='bbox 892 3987 926 4051; x_wconf 90' lang='lat' dir='ltr'>H</span> <span class='ocrx_word' id='word_1_229' title='bbox 950 3990 1162 4072; x_wconf 87' lang='lat' dir='ltr'>praemittitur</span> <span class='ocrx_word' id='word_1_230' title='bbox 1184 3990 1336 4073; x_wconf 83' lang='lat' dir='ltr'>praefatio</span> 
     </span>
     <span class='ocr_line' id='line_1_31' title="bbox 219 4099 1336 4187; baseline 0.004 -22"><span class='ocrx_word' id='word_1_231' title='bbox 219 4103 254 4165; x_wconf 93' lang='lat' dir='ltr'>in</span> <span class='ocrx_word' id='word_1_232' title='bbox 279 4121 343 4186; x_wconf 90' lang='lat' dir='ltr'>qua</span> <span class='ocrx_word' id='word_1_233' title='bbox 366 4100 531 4185; x_wconf 79' lang='lat' dir='ltr'>Virgilius,</span> <span class='ocrx_word' id='word_1_234' title='bbox 555 4099 670 4183; x_wconf 82' lang='lat' dir='ltr'>Macer,</span> <span class='ocrx_word' id='word_1_235' title='bbox 691 4099 850 4184; x_wconf 89' lang='lat' dir='ltr'>Lucanus,</span> <span class='ocrx_word' id='word_1_236' title='bbox 875 4100 1009 4168; x_wconf 86' lang='lat' dir='ltr'>Ovidius</span> <span class='ocrx_word' id='word_1_237' title='bbox 1034 4105 1248 4187; x_wconf 86' lang='lat' dir='ltr'>nominantur,</span> <span class='ocrx_word' id='word_1_238' title='bbox 1269 4124 1336 4169; x_wconf 91' lang='lat' dir='ltr'>non</span> 
     </span>
     <span class='ocr_line' id='line_1_32' title="bbox 221 4214 1336 4310; baseline 0.004 -31"><span class='ocrx_word' id='word_1_239' title='bbox 221 4214 349 4280; x_wconf 87' lang='lat' dir='ltr'>additur</span> <span class='ocrx_word' id='word_1_240' title='bbox 370 4215 532 4281; x_wconf 89' lang='lat' dir='ltr'>Horatius.</span> <span class='ocrx_word' id='word_1_241' title='bbox 555 4215 616 4281; x_wconf 85' lang='lat' dir='ltr'>Sed</span> <span class='ocrx_word' id='word_1_242' title='bbox 640 4235 680 4280; x_wconf 92' lang='lat' dir='ltr'>ne</span> <span class='ocrx_word' id='word_1_243' title='bbox 704 4217 732 4280; x_wconf 93' lang='lat' dir='ltr'>si</span> <span class='ocrx_word' id='word_1_244' title='bbox 754 4216 881 4280; x_wconf 89' lang='lat' dir='ltr'>additus</span> <span class='ocrx_word' id='word_1_245' title='bbox 905 4217 1036 4302; x_wconf 88' lang='lat' dir='ltr'>quidem</span> <span class='ocrx_word' id='word_1_246' title='bbox 1059 4222 1144 4282; x_wconf 88' lang='lat' dir='ltr'>esset</span> <span class='ocrx_word' id='word_1_247' title='bbox 1166 4219 1227 4282; x_wconf 90' lang='lat' dir='ltr'>ista</span> <span class='ocrx_word' id='word_1_248' title='bbox 1246 4238 1336 4310; x_wconf 85' lang='lat' dir='ltr'>prae-</span> 
     </span>
    </p>
   </div>
   <div class='ocr_carea' id='block_1_8' title="bbox 0 0 1483 5130">
    <p class='ocr_par' dir='ltr' id='par_1_9' title="bbox 0 0 1483 5130">
     <span class='ocr_line' id='line_1_33' title="bbox 0 0 1483 5130; baseline 0 0"><span class='ocrx_word' id='word_1_249' title='bbox 0 0 1483 5130; x_wconf 95' lang='lat' dir='ltr'> </span> 
     </span>
    </p>
   </div>
  </div>
 </body>
</html>
