2954 5130
701 510 741 574 81

202 694 312 759 Unum
335 696 430 759 etiam
453 694 567 759 addam
587 696 674 780 quod
693 698 722 761 ei
743 698 800 781 qni
821 702 1129 782 utrumquepobtam
1142 720 1276 785 cognos-

158 828 228 874 cere
260 811 329 874 vult
358 811 490 875 minime
516 811 832 894 praetermittendum
854 812 988 877 videtur.
1011 812 1205 880 Horatianae
1227 817 1276 879 in·

159 924 247 988 sulae
271 923 405 988 utilibus
429 923 526 989 rebus
549 924 722 1008 abundant,
742 925 860 990 habeut
880 927 967 1011 quod
979 927 1177 1010 edantbeati,
1190 929 1277 1014 quod

159 1036 277 1119 bibant,
312 1043 343 1101 et
377 1037 502 1122 placide
533 1038 671 1104 dormire
700 1044 852 1123 possunt:
877 1041 969 1124 quies
994 1043 1079 1105 euim
1101 1040 1222 1106 habitat
1245 1047 1276 1107 et

159 1152 321 1215 securitas.
356 1152 400 1214 At
430 1151 511 1214 nihil
540 1151 585 1215 ibi
608 1153 764 1237 estquod
787 1152 928 1236 naribus,
952 1153 1040 1237 quod
1064 1154 1164 1218 oculis
1187 1153 1277 1218 blau-

158 1264 279 1344 diatur;
315 1263 432 1329 absunt
464 1266 545 1328 varii
579 1265 710 1349 colores,
744 1265 861 1331 absunt
893 1285 1008 1331 suaves
1040 1267 1162 1332 odores.
1192 1267 1276 1351 Non,

157 1378 271 1461 hercle,
306 1397 344 1442 ea
377 1379 519 1462 neglexit
552 1378 724 1464 Virgilius:
759 1399 834 1464 prae
869 1381 982 1444 ceteris
1017 1383 1276 1446 commemoravit

158 1491 365 1576 laudavitque
387 1491 622 1557 immortalibus
645 1492 732 1557 hisce
755 1492 920 1558 versibus:

289 1653 335 1717 At
356 1652 415 1717 tibi
437 1655 549 1737 prima,
570 1673 659 1739 puer,
682 1655 772 1718 nullo
796 1653 992 1719 munuscula
1016 1654 1106 1719 cultu

289 1765 441 1831 Errantes
463 1768 596 1832 hederas
619 1769 738 1852 passim
761 1787 835 1832 cum
857 1767 1012 1832 bacchare
1034 1769 1131 1833 tellus

292 1879 458 1965 Mixtaque
481 1881 597 1946 ridenti
621 1883 777 1947 colocasia
798 1882 912 1948 fundet
935 1883 1078 1948 acantho,

159 1973 207 2034 et·
487 2061 660 2142 Assyrium
682 2060 779 2145 vulgo
802 2065 953 2126 nascetur
976 2081 1147 2145 amomum,

158 2153 205 2212 et·
288 2237 362 2322 Ipsa
384 2238 443 2302 tibi
465 2237 599 2304 blandos
621 2238 759 2304 fundent
781 2238 942 2304 cunabula
964 2239 1067 2304 flores.

200 2399 288 2464 Nihil
311 2420 386 2466 vero
409 2403 623 2487 praestantius
646 2422 744 2487 quam
766 2403 844 2467 hoc:

287 2564 356 2630 Nec
380 2567 484 2630 varios
508 2566 608 2630 discet
631 2567 759 2631 mentiri
781 2566 855 2630 lana
879 2566 1009 2649 colores,

289 2678 362 2763 [pse
386 2679 441 2744 sed
464 2680 497 2743 in
520 2681 618 2764 pratis
643 2681 726 2743 aries
749 2681 813 2743 iam
837 2699 937 2744 suave
962 2679 1089 2745 rubenti

289 2791 421 2878 Murice,
442 2770 505 2857 iam
528 2812 638 2857 croceo
661 2793 797 2857 mutabit
822 2794 941 2858 vellera
965 2793 1053 2875 luto;

290 2907 408 2992 Sponte
432 2928 491 2973 sua
515 2909 642 2990 sandyx
663 2913 830 2992 pascentes
854 2910 967 2973 vestiet
990 2927 1097 2993 agnos.

201 3069 351 3136 Vidimus
375 3090 449 3156 ergo
470 3091 534 3156 quo
555 3072 649 3135 modo
668 3070 839 3135 Horatium
859 3071 1088 3135 commendarit
1108 3070 1274 3155 Virgilius,

157 3186 185 3249 si
208 3185 449 3250 commendavit.
474 3183 563 3261 Quae
586 3185 639 3249 ille
662 3186 769 3249 omisit
791 3185 951 3270 praeclare
973 3185 1026 3248 hic
1050 3185 1142 3268 dixit,
1154 3184 1273 3269 quibus

156 3299 209 3364 ille
244 3319 372 3365 versum
406 3301 475 3365 sine
508 3300 574 3365 ullo
606 3301 782 3364 sententiae
813 3299 1028 3364 emolumento
1053 3299 1195 3383 explevit
1219 3298 1271 3363 hic

157 3415 273 3498 omisit,
307 3433 389 3498 quae
422 3413 507 3499 apud
542 3413 632 3478 illum
664 3412 781 3497 frigent
813 3412 1032 3497 languentque
1066 3412 1152 3496 apud
1187 3413 1274 3476 huno

157 3527 271 3592 coloris
311 3528 509 3611 luminisque
545 3528 639 3611 plena
674 3531 758 3591 sunt
795 3525 942 3591 Profecto
978 3528 1024 3590 sic
1058 3526 1273 3590 commendari

156 3639 304 3719 πολεμίοις
328 3637 379 3704 sal
403 3639 515 3720 ἐχθροῖς
539 3637 665 3718 piretro!

199 3759 253 3822 An
277 3775 351 3842 ergo
375 3756 529 3839 surrepsit
550 3753 684 3818 Horatio
708 3752 865 3837 Virgilius
888 3752 1038 3816 flosculos
1063 3751 1182 3836 quibus
1205 3753 1273 3837 ipse

159 3891 255 3936 suum
279 3874 448 3935 exornaret
470 3867 622 3932 carmen?
640 3866 771 3950 Parum,
793 3866 907 3948 hercle,
920 3865 1070 3930 credibile
1082 3870 1130 3930 est
1143 3865 1273 3930 divitem

157 3985 196 4050 ad
229 4003 400 4070 pauperem
431 3984 557 4047 venisse
587 3981 739 4063 furatum,
762 3982 934 4063 minusque
958 3978 1016 4043 tibi
1040 3979 1100 4042 hcc
1123 3977 1273 4043 credibile

156 4099 318 4165 videbitur
348 4100 376 4163 si
406 4102 509 4186 totum
540 4115 643 4181 genus
665 4099 807 4180 pobseoS,
829 4095 923 4158 cuius
946 4093 1010 4157 duc
1033 4093 1111 4157 haec
1133 4095 1273 4157 carmina

157 4219 244 4301 sunt,
267 4213 526 4280 consideraveris.
553 4210 629 4276 Tam
652 4211 738 4275 enim
762 4211 818 4295 qui
842 4208 973 4274 Saturni
995 4227 1130 4292 regnum
1154 4207 1272 4272 reditu·

1155 4317 1173 4370 6
