2954 5130
766 508 830 574 102

236 697 337 782 magis
361 695 492 762 solitum
520 700 570 762 est
592 715 690 781 quam
711 695 803 762 finita
825 697 1010 762 recitatione
1032 698 1079 761 sic
1100 695 1194 761 illum
1217 697 1359 762 amioum

235 809 373 894 alloqui:
408 808 444 892 ,I
467 815 500 875 et
520 810 601 875 meis
624 808 731 875 verbis
754 812 899 895 scriptori
923 811 974 875 dio
995 810 1099 895 illum,
1124 812 1273 896 quamvis
1296 812 1359 878 sibi

234 925 361 1008 sapiens
385 924 541 1008 videatur,
565 925 802 1009 ineptissimum
825 944 895 990 esse
919 924 1194 1007 mortalium”?¹).

281 1038 322 1122 V,
347 1039 377 1122 6,
400 1038 443 1101 65
468 1058 515 1122 sq.
539 1035 588 1102 Ob
616 1040 781 1103 victoriam
804 1039 988 1103 Aetiensem
1009 1039 1151 1104 exsultat
1169 1038 1359 1125 Propertius

239 1151 395 1236 „Omnia”
430 1153 475 1216 ait
511 1151 622 1234 ,nobis
658 1170 676 1218 e
709 1157 784 1216 voto
819 1157 994 1236 cesserunt,
1029 1150 1213 1237 Cleopatrae
1247 1173 1352 1219 unum

235 1270 360 1333 tantum
383 1267 516 1352 contigit
539 1266 627 1352 quod
649 1286 715 1331 non
736 1267 856 1331 iusso
880 1266 946 1333 die
969 1271 1184 1333 mortuaest:

368 1427 411 1494 Di
434 1429 567 1495 melius!
592 1434 732 1514 quantus
751 1429 869 1494 mulier
889 1428 971 1494 foret
993 1447 1058 1494 una
1080 1430 1265 1515 triumphus

413 1540 540 1608 Ductus
562 1548 629 1609 orat
649 1562 706 1628 per
729 1563 809 1629 quas
833 1546 906 1608 ante
928 1542 1085 1628 Iugurtha
1108 1544 1208 1610 vias.’'

280 1718 365 1785 Illud
396 1739 454 1804 ego
483 1716 534 1783 Di
556 1719 709 1784 melius
734 1720 780 1784 ita
802 1720 927 1804 explico
952 1723 991 1784 ut
1013 1719 1183 1804 cogitando
1206 1720 1358 1805 supplen-

236 1834 297 1899 dus
340 1835 382 1899 sit
422 1832 560 1899 alicuius
590 1833 681 1899 verbi
711 1834 936 1898 coniunctivus
966 1834 1002 1897 in
1039 1834 1359 1919 plusquamper-

236 1947 359 2014 fecto.
389 1947 449 2013 Est
470 1949 570 2032 igitur
592 1947 658 2013 fere
686 1967 802 2033 ,quam
826 1946 998 2013 dolendum
1022 1947 1101 2033 est'',
1124 1948 1181 2013 sed
1202 1948 1299 2013 habet
1322 1967 1359 2014 ea

234 2063 354 2127 locutio
386 2062 480 2127 solito
511 2061 662 2126 maiorem
691 2061 758 2125 rim
783 2065 815 2126 ot
837 2061 1049 2127 acerbitatem.
1071 2061 1227 2127 Horatius
1249 2067 1358 2129 autem

235 2176 346 2261 (Epod.
371 2174 437 2260 ¹IX,
461 2177 504 2240 23
527 2177 585 2261 sq.)
616 2175 655 2241 de
685 2174 836 2261 Augusto
860 2195 877 2241 e
899 2175 1019 2261 proelio
1040 2178 1104 2241 iarn
1126 2178 1191 2242 iam
1214 2177 1357 2243 redituro

237 2291 316 2356 haec
337 2289 551 2356 laetabundus
575 2289 751 2354 exclamat:

457 2451 494 2516 Io
516 2450 697 2536 Triumphe,
719 2470 779 2517 neo
801 2452 994 2538 Iugurthino
1016 2471 1125 2539 parem

500 2565 589 2632 Bello
613 2567 779 2651 reportasti
808 2567 930 2632 ducem.
1080 2582 1085 2590 ·

279 2739 342 2806 Sed
380 2742 463 2827 quis,
497 2741 584 2826 quod
618 2740 683 2806 duo
717 2744 838 2825 potitae,
882 2760 1031 2827 magnam
1061 2742 1150 2808 illam
1185 2763 1246 2810 suo
1279 2751 1360 2813 tern-

232 2872 310 2939 pore
341 2854 381 2921 de
412 2855 560 2940 Aegypto
583 2856 602 2918 i.
615 2874 640 2920 e.
664 2855 704 2920 de
726 2854 836 2920 Africa
857 2861 1046 2940 reportatam
1071 2859 1238 2924 victoriam
1261 2864 1361 2928 versi-

232 2966 294 3033 bus
327 2969 526 3053 extollentes,
562 2970 660 3034 simul
694 2973 881 3035 memoriam
914 2971 1016 3037 hostis
1047 2980 1212 3057 renovant,
1236 2977 1360 3060 quiex

232 3082 347 3149 iisdem
381 3084 474 3148 terris
507 3082 643 3148 Romam
678 3084 719 3150 ad
749 3085 948 3168 triumphum
979 3085 1162 3170 deportatus
1193 3093 1251 3172 est,
1283 3096 1359 3157 ante

136 3208 138 3212 “
235 3196 354 3261 multos
379 3196 509 3280 quidem
534 3216 644 3282 annos,
667 3198 724 3263 sed
744 3203 851 3263 tamen
869 3200 914 3264 ita
934 3204 971 3264 ut
991 3219 1109 3265 nomen
1129 3203 1358 3270 eiusnondum

233 3311 269 3373 in
303 3309 497 3375 oblivionem
532 3309 654 3394 abierit,
690 3313 763 3396 quis
794 3312 863 3397 hoo,
897 3330 1025 3396 quaeso,
1064 3319 1253 3398 argumento
1288 3335 1360 3384 esse

234 3423 341 3489 credat
363 3424 500 3490 alterum
524 3424 563 3489 ab
587 3424 685 3490 altero
709 3426 830 3510 aliquid
851 3445 921 3492 esse
940 3429 1150 3493 mutuatum?
1171 3427 1293 3505 Quodsi
1305 3432 1359 3498 hio

234 3542 319 3603 recte
349 3538 388 3603 de
409 3536 664 3624 Carthagine
687 3539 819 3605 subacta
841 3542 932 3605 iniioi
953 3542 1111 3624 potuisset
1133 3545 1263 3629 mentio,
1288 3547 1361 3612 iure

235 3652 393 3736 suspicari
428 3652 546 3737 aliquis
581 3659 688 3738 posset
717 3673 783 3718 non
813 3659 932 3720 temere
951 3674 1021 3721 esse
1046 3656 1133 3741 quod
1156 3657 1195 3722 ab
1219 3663 1360 3745 utroque

232 3765 289 3829 illa
320 3766 422 3831 multo
446 3767 547 3832 maior
570 3769 738 3852 multoque
758 3769 861 3833 notior
880 3769 1012 3834 uictoria
1034 3770 1161 3837 silentio
1181 3777 1359 3858 praeterea·

269 4025 296 4090 l)
316 4027 456 4079 Horatiano
474 4027 585 4079 similius
601 4041 682 4093 quam
699 4025 865 4091 Propertiano
882 4031 921 4078 asi
939 4028 1010 4093 quod
1027 4030 1096 4094 apud
1113 4029 1274 4098 Lygdamum
1289 4032 1361 4101 (rib.

232 4119 277 4185 111,
294 4117 319 4184 6,
333 4117 379 4185 66)
398 4119 493 4186 legitur
510 4120 538 4170 in
555 4119 670 4171 carmine
686 4132 739 4183 quo
758 4118 850 4170 Bacchi
866 4119 1030 4171 celebrantur
1047 4121 1148 4174 laudes:

471 4246 519 4314 Tu,
536 4263 609 4315 puer,
625 4248 642 4315 i,
659 4247 789 4316 liquidum
805 4248 897 4302 fortius
914 4250 977 4302 adde
993 4265 1105 4304 menum.
