2954 5130
779 516 864 591 80.

238 698 277 762 de
299 695 414 762 Ovidio
437 703 557 763 taceam
583 736 624 746 -
648 700 774 766 abemus
798 701 883 765 enim
906 700 959 764 hic
983 720 1002 764 a
1023 701 1185 784 proposito
1210 738 1252 747 —
1278 703 1357 785 quot

238 814 432 897 quantisque
472 811 568 877 rebus
603 817 727 897 praeter
761 834 831 879 eam
866 832 963 897 quam
996 814 1059 877 iam
1095 815 1187 898 attigi
1220 812 1356 878 Horatio

235 932 374 1010 praestat
397 924 561 1011 Virgilius.
585 924 774 992 Communia
796 927 862 993 fere
886 927 963 991 haec
985 926 1120 993 habent:

237 1089 331 1155 Hor:
418 1089 489 1154 Illic
510 1091 653 1156 iniussae
675 1093 811 1156 veniunt
833 1091 873 1155 ad
896 1090 1032 1156 mulctra
1054 1092 1216 1175 capellae,

457 1202 630 1287 Refertque
653 1208 741 1269 tenta
762 1223 843 1289 grex
868 1205 992 1269 amicus
1014 1203 1120 1269 ubera

236 1375 283 1450 δὶς
305 1377 412 1442 ταύτὸν
436 1375 508 1455 ἡμῖν
532 1371 619 1451 εἶπεν,
644 1384 675 1443 et
697 1379 821 1463 ingrate
843 1375 980 1456 raptaue
1004 1379 1181 1460 amicus3
1205 1378 1356 1463 ipsabre·

237 1492 335 1557 vitate
359 1491 497 1557 disemus
521 1497 571 1556 est
594 1491 751 1576 Virgilius

414 1653 507 1739 Ipsae
529 1655 610 1720 lacte
634 1654 764 1719 domum
789 1654 928 1720 referent
950 1653 1089 1719 distenta
1112 1653 1250 1739 capellae

415 1767 530 1833 Ubera

237 1952 333 2018 Hor:
419 1951 513 2017 Mella
538 1972 615 2017 cava
637 1959 768 2019 manant
791 1971 833 2017 ex
856 1953 937 2018 ilice.

281 2129 355 2195 Non
389 2131 493 2214 potuit
526 2130 586 2194 hcc
619 2130 779 2215 negligere
810 2129 983 2215 Virgilius:
1015 2131 1049 2194 in
1073 2131 1355 2214 praestantissimis

237 2245 322 2309 enim
347 2245 478 2308 deorum
499 2243 592 2308 donis
611 2243 651 2308 ab
672 2245 814 2327 antiquis
834 2262 958 2328 semper
973 2243 1035 2308 mel
1048 2243 1355 2309 numeraturetfere

236 2356 413 2422 ambrosiae
435 2358 613 2422 deebriare
635 2358 737 2422 instar
759 2356 902 2423 babetur.
922 2355 1018 2422 Dedit
1038 2376 1113 2441 ergo
1133 2356 1227 2441 pleno
1239 2376 1353 2423 versu:

348 2599 350 2603 ,
416 2530 458 2596 Et
480 2531 579 2597 durae
603 2549 740 2617 quercus
763 2529 927 2631 sudabunt
949 2532 1074 2596 roscida
1096 2531 1200 2596 mella.
1240 2526 1247 2534 ”

281 2705 415 2772 Horatio
438 2711 546 2772 autem
571 2708 730 2792 quomodo
753 2726 881 2773 versum
902 2708 1044 2792 expleret
1063 2708 1231 2792 quaerenti
1241 2709 1353 2792 invito,

237 2825 274 2886 ut
297 2823 418 2905 opinor,
441 2821 521 2886 alter
544 2840 579 2886 se
601 2821 717 2887 obtulit
740 2841 870 2903 versus3
894 2840 968 2887 nam
991 2823 1068 2887 satis
1090 2821 1288 2907 languidum,
1312 2842 1354 2888 ne

237 2953 335 3001 seusu
359 2954 486 3000 cassum
510 2935 623 3020 dicam,
647 2940 696 3001 est
722 2935 810 3001 istud

834 3096 998 3162 montibus
1020 3097 1092 3163 altis

457 3211 551 3278 Ievis
575 3216 722 3297 crepante
744 3212 877 3297 lympha
898 3211 1004 3277 desilit
1025 3212 1114 3296 pede.

235 3396 332 3464 Hor:
418 3395 535 3481 Reddit
558 3397 615 3463 ubi
638 3417 778 3464 cererem
800 3399 895 3468 tellus
918 3399 1041 3463 inarata
1063 3401 1234 3484 quotannis

457 3510 500 3576 Et
521 3513 678 3597 imputata
700 3512 792 3578 floret
816 3531 920 3597 usque
944 3514 1046 3579 vinea.

237 3684 393 3769 Sentisne,
425 3685 532 3770 lector,
569 3706 665 3772 quam
695 3687 840 3770 pedestre
863 3687 913 3769 sit,
936 3706 1032 3771 quam
1054 3706 1170 3771 parum
1191 3689 1353 3773 politicum

235 3799 324 3865 istud
346 3800 603 3883 quotannis?
626 3799 782 3882 Sentisne,
805 3802 865 3884 aio,
888 3820 963 3865 nam
985 3802 1021 3865 ni
1043 3803 1143 3867 sentis
1161 3803 1353 3869 convincere

236 3918 267 3979 te
289 3932 331 3979 ne
352 3913 493 3978 conabor
515 3914 653 3998 quidem.
676 3913 805 3979 Eximio
827 3933 901 3980 vero
924 3912 1097 4000 Virgilius:

414 4089 503 4155 Molli
525 4091 679 4175 paulatim
702 4090 851 4156 flavescet
874 4111 1007 4177 campus
1036 4093 1133 4175 arista

413 4203 613 4294 incultisque
634 4205 753 4274 rubens
774 4205 925 4292 pendebit
948 4206 1094 4273 sentibus
1116 4227 1189 4274 ura
