2954 5130
720 503 762 565 34

180 686 242 752 sibi
275 687 393 752 laboris
425 688 575 752 conscius
609 692 673 766 est3
710 687 766 752 sed
801 706 902 771 quum
933 687 1134 771 cogitationis
1165 685 1301 750 alicuius

178 800 294 884 plenus
319 805 376 884 est,
399 801 482 864 hanc
506 800 606 864 solam
631 805 730 883 crurat,
754 800 813 864 hac
836 801 910 865 duci
934 819 968 865 se
991 801 1119 884 patitur,
1144 799 1303 884 quidquid

179 913 219 978 ab
251 914 309 979 hae
343 913 483 978 alienum
508 919 558 978 est
580 933 599 977 a
622 933 657 977 se
679 917 828 978 removet.
852 912 904 978 Sic
928 912 984 977 ubi
1007 913 1094 997 quod
1117 913 1173 977 diu
1196 917 1303 977 mente

178 1029 325 1093 clausum
347 1029 451 1093 tenuit
474 1027 602 1092 taudem
624 1028 796 1112 aliquando
813 1029 937 1112 promit,
957 1046 1021 1091 non
1042 1047 1123 1112 opus
1142 1033 1191 1092 est
1209 1046 1303 1091 voca-

179 1140 264 1225 bula,
299 1160 462 1224 numeros,
485 1160 599 1206 versus
624 1159 793 1225 quaerere:
818 1146 930 1226 sponte
953 1161 990 1206 oa
1013 1143 1166 1222 veniuut;
1190 1146 1302 1205 natum

178 1256 243 1320 iam
268 1261 335 1320 erat
358 1274 486 1320 carnum]
510 1257 699 1340 priusquam
719 1255 845 1320 chartae
865 1254 1088 1320 mandaretur:
1109 1255 1179 1338 ipsa
1192 1259 1304 1339 poetae

178 1368 302 1433 indoles
337 1368 435 1433 simul
466 1373 498 1433 et
530 1374 755 1453 argumentum
779 1369 901 1453 peperit
926 1373 957 1433 et
981 1367 1138 1453 quidquid
1162 1367 1202 1431 ad
1223 1367 1305 1431 iliud

178 1481 399 1547 exornandum
424 1483 604 1566 pertineret.
629 1481 837 1548 Versificator
861 1488 1087 1568 argumentum
1111 1482 1304 1566 plerumque

179 1595 219 1660 ab
254 1596 316 1660 alio
351 1600 527 1678 mutuatur,
558 1597 627 1680 ipss
650 1597 678 1660 si
702 1615 786 1660 nova
809 1597 1041 1660 sententiarum
1065 1595 1303 1679 verborumque

180 1709 322 1776 attulerit
356 1709 482 1774 lumina
515 1709 672 1794 quaedam
702 1710 820 1794 gaudet
843 1709 971 1793 sibique
995 1710 1169 1775 admodum
1192 1709 1302 1795 placet.

181 1821 303 1899 Quodsi
337 1842 446 1887 aurem
481 1822 610 1887 assidua
642 1822 799 1898 bonorum
823 1823 1043 1908 exemplorum
1067 1823 1203 1888 lectione
1227 1819 1306 1888 satis

180 1937 386 2001 exercitatam
428 1935 532 2020 habet,
577 1936 663 2000 haud
697 1956 767 2001 raro
799 1936 920 2020 aliquid
952 1936 1061 2002 scribit
1096 1938 1183 2022 quod
1218 1938 1301 2003 lectu
1382 1977 1384 1982 ·

180 2051 360 2134 audituque
394 2051 436 2116 sit
465 2051 746 2116 iucundissimum.
777 2050 943 2115 Interdum
975 2056 1081 2116 tamon
1112 2071 1164 2116 res
1195 2053 1303 2117 minus

179 2183 330 2249 prospere
354 2165 384 2228 ei
403 2165 493 2228 cedit.
518 2164 586 2228 Aut
606 2169 716 2249 aptum
737 2165 887 2230 carminis
906 2166 1074 2230 introitum
1094 2185 1161 2229 non
1181 2167 1305 2231 invenit

180 2286 236 2343 aut
268 2278 391 2362 aliquot
421 2278 589 2343 versiculis
613 2280 690 2343 satis
715 2283 851 2344 venuste
874 2281 1057 2363 compositis
1082 2280 1241 2363 quomodo
1265 2282 1306 2344 sit

182 2393 379 2479 pergendum
416 2395 535 2474 nescit;
568 2393 688 2458 frustra
718 2398 828 2478 aptum
853 2392 892 2457 ab
916 2393 978 2457 alia
1003 2393 1042 2457 ad
1065 2393 1159 2457 aliam
1184 2399 1305 2479 partem

182 2509 352 2573 transitum
379 2509 513 2592 quaerit,
536 2527 601 2571 non
625 2508 763 2592 denique
786 2506 893 2573 verbis
912 2512 1076 2591 tamquam
1089 2509 1304 2573 instrumento

180 2623 292 2695 utitur,
326 2621 382 2686 sed
412 2622 481 2706 ipse
509 2620 574 2685 illis
599 2623 705 2703 servit,
730 2640 793 2706 quo
816 2621 871 2685 illa
893 2621 1025 2685 trahunt
1049 2623 1213 2705 sequitur;
1239 2641 1303 2686 non

181 2754 256 2821 ergo
280 2736 319 2800 ad
343 2735 483 2819 aliquem
505 2734 612 2817 finem,
634 2754 729 2819 quem
750 2735 998 2819 ipsesibiantea
1010 2738 1220 2821 proposuerit,
1233 2757 1303 2822 per·

182 2850 291 2913 venire
321 2853 426 2933 potest
459 2849 515 2913 sed
549 2868 651 2932 vagus
686 2852 778 2913 errat.
813 2848 865 2913 Sic
895 2850 996 2913 invito
1020 2854 1113 2933 poe'ta
1136 2854 1168 2914 et
1192 2851 1302 2915 invitis

81 2943 83 2949 ’
180 2962 283 3028 Musis
318 2982 433 3028 versus
464 2969 642 3027 nascuntur
678 2981 775 3027 sensu
813 2965 905 3027 vacui
927 2963 1145 3048 languidique.
1169 2964 1302 3030 Sumam

181 3075 364 3160 exemplum
400 3074 439 3139 ab
470 3073 612 3158 Horatio,
636 3075 691 3140 sed
715 3078 823 3140 nescio
847 3096 888 3140 an
913 3077 1095 3161 exemplum
1122 3079 1208 3162 quod
1232 3098 1302 3144 meo

180 3191 340 3275 proposito
375 3189 427 3253 vel
458 3190 660 3273 aptissimum
694 3190 736 3253 sit
769 3191 832 3253 iam
864 3191 1030 3274 attigerim.
1062 3190 1225 3256 Ailocutio
1248 3192 1303 3256 illa

180 3304 221 3368 ad
240 3304 429 3388 Augustum
450 3303 478 3366 si
497 3302 720 3367 huiuscemodi
738 3302 804 3367 fere
824 3308 923 3368 esset:
946 3302 1130 3387 „Augusta
1143 3305 1171 3368 si
1182 3323 1302 3387 revera,

181 3417 268 3501 quod
303 3435 361 3501 ego
392 3417 547 3500 suspicor,
579 3417 657 3481 deus
682 3436 726 3497 es,
747 3418 870 3481 utinam
895 3417 949 3480 diu
969 3417 1053 3481 inter
1075 3436 1134 3481 nos
1158 3421 1301 3501 moreris,

181 3531 304 3594 utinam
329 3547 371 3593 ne
395 3528 550 3593 scelerum
576 3535 758 3593 nostrorum
783 3529 855 3593 odio
880 3528 990 3593 oculos
1014 3549 1161 3595 amoveas
1174 3537 1301 3615 tequea

152 3616 156 3628 ι
180 3642 274 3708 uobis
298 3641 453 3725 avertas”,
477 3662 588 3707 revera
608 3641 776 3727 magnifica
800 3648 899 3707 esset:
920 3642 1050 3708 haberet
1061 3646 1157 3727 enim,
1168 3646 1201 3709 id
1215 3647 1301 3730 quod

180 3758 213 3820 in
246 3756 430 3820 huiusmodi
452 3756 532 3820 locis
557 3756 605 3820 vel
630 3757 764 3820 maximi
788 3762 835 3820 est
858 3758 1020 3838 momenti,
1042 3756 1138 3821 finem
1162 3764 1302 3843 graviter

91 3847 94 3853 ’
180 3874 346 3935 sonantem
383 3870 439 3953 qui
475 3888 568 3934 aures
591 3869 744 3953 impleret.
769 3867 831 3933 Sed
854 3867 1037 3934 abundabat
1059 3889 1125 3935 vox
1156 3872 1302 3957 tollat,

179 4001 262 4066 quae
297 4002 398 4066 quum
433 3981 523 4047 nulla
552 3983 674 4046 ratione
697 3981 846 4065 strophae
869 3982 980 4066 plenae
1003 3983 1066 4046 iam
1091 3989 1123 4048 et
1146 3985 1302 4069 perfectae

179 4097 278 4160 inseri
312 4102 427 4180 posset,
463 4099 498 4160 in
531 4115 633 4160 novae
669 4095 817 4180 strophae
850 4097 942 4160 initio
977 4102 1043 4161 erat
1075 4100 1240 4182 ponenda;
1265 4121 1302 4166 ea

181 4229 265 4296 ergo,
290 4231 484 4294 quamquam
509 4211 668 4275 exhausta
689 4211 755 4275 iam
779 4215 846 4274 erat
868 4211 1023 4294 materies,
1046 4216 1213 4297 utcunque
1236 4222 1304 4282 erat
