<?xml version="1.0" encoding="UTF-8"?>
<!DOCTYPE html PUBLIC "-//W3C//DTD XHTML 1.0 Transitional//EN"
    "http://www.w3.org/TR/xhtml1/DTD/xhtml1-transitional.dtd">
<html xmlns="http://www.w3.org/1999/xhtml" xml:lang="en" lang="en">
 <head>
  <title>
</title>
<meta http-equiv="Content-Type" content="text/html;charset=utf-8" />
  <meta name='ocr-system' content='tesseract 3.04.00' />
  <meta name='ocr-capabilities' content='ocr_page ocr_carea ocr_par ocr_line ocrx_word'/>
</head>
<body>
  <div class='ocr_page' id='page_1' title='image "./dehoratiopota00hartgoog_0210.png"; bbox 0 0 2954 5130; ppageno 0'>
   <div class='ocr_carea' id='block_1_1' title="bbox 705 513 768 576">
    <p class='ocr_par' dir='ltr' id='par_1_1' title="bbox 705 513 768 576">
     <span class='ocr_line' id='line_1_1' title="bbox 705 513 768 576; baseline 0.032 -2"><span class='ocrx_word' id='word_1_1' title='bbox 705 513 768 576; x_wconf 83' lang='lat'><strong>199</strong></span> 
     </span>
    </p>
   </div>
   <div class='ocr_carea' id='block_1_2' title="bbox 179 696 1290 896">
    <p class='ocr_par' dir='ltr' id='par_1_2' title="bbox 179 696 1290 896">
     <span class='ocr_line' id='line_1_2' title="bbox 180 696 1290 783; baseline 0 -23"><span class='ocrx_word' id='word_1_2' title='bbox 180 699 252 761; x_wconf 89' lang='lat' dir='ltr'><strong>ratii</strong></span> <span class='ocrx_word' id='word_1_3' title='bbox 274 696 468 762; x_wconf 79' lang='lat' dir='ltr'><strong>carminibus</strong></span> <span class='ocrx_word' id='word_1_4' title='bbox 493 698 603 781; x_wconf 84' lang='lat' dir='ltr'><strong>differt,</strong></span> <span class='ocrx_word' id='word_1_5' title='bbox 626 703 711 763; x_wconf 90' lang='lat' dir='ltr'><strong>certo</strong></span> <span class='ocrx_word' id='word_1_6' title='bbox 734 703 841 763; x_wconf 87' lang='lat' dir='ltr'><strong>tamen</strong></span> <span class='ocrx_word' id='word_1_7' title='bbox 864 703 1052 783; x_wconf 87' lang='lat' dir='ltr'><strong>argumento</strong></span> <span class='ocrx_word' id='word_1_8' title='bbox 1073 698 1195 763; x_wconf 86' lang='lat' dir='ltr'><strong>fraudis</strong></span> <span class='ocrx_word' id='word_1_9' title='bbox 1215 717 1290 761; x_wconf 90' lang='lat' dir='ltr'><strong>con-</strong></span> 
     </span>
     <span class='ocr_line' id='line_1_3' title="bbox 179 810 1014 896; baseline 0.004 -24"><span class='ocrx_word' id='word_1_10' title='bbox 179 811 325 875; x_wconf 88' lang='lat' dir='ltr'><strong>vincitur.</strong></span> <span class='ocrx_word' id='word_1_11' title='bbox 349 810 468 875; x_wconf 88' lang='lat' dir='ltr'><strong>Ultima</strong></span> <span class='ocrx_word' id='word_1_12' title='bbox 492 813 577 875; x_wconf 88' lang='lat' dir='ltr'><strong>enim</strong></span> <span class='ocrx_word' id='word_1_13' title='bbox 601 813 671 877; x_wconf 88' lang='lat' dir='ltr'><strong>eius</strong></span> <span class='ocrx_word' id='word_1_14' title='bbox 694 812 823 896; x_wconf 90' lang='lat' dir='ltr'><strong>stropha</strong></span> <span class='ocrx_word' id='word_1_15' title='bbox 847 812 926 876; x_wconf 89' lang='lat' dir='ltr'><strong>haec</strong></span> <span class='ocrx_word' id='word_1_16' title='bbox 949 817 1014 878; x_wconf 92' lang='lat' dir='ltr'><strong>est:</strong></span> 
     </span>
    </p>
   </div>
   <div class='ocr_carea' id='block_1_3' title="bbox 397 995 1069 1421">
    <p class='ocr_par' dir='ltr' id='par_1_3' title="bbox 397 995 1069 1421">
     <span class='ocr_line' id='line_1_4' title="bbox 398 995 1069 1080; baseline 0.004 -20"><span class='ocrx_word' id='word_1_17' title='bbox 398 995 447 1060; x_wconf 80' lang='lat' dir='ltr'><strong>En</strong></span> <span class='ocrx_word' id='word_1_18' title='bbox 472 1016 535 1080; x_wconf 91' lang='lat' dir='ltr'><strong>quo</strong></span> <span class='ocrx_word' id='word_1_19' title='bbox 557 997 699 1062; x_wconf 89' lang='lat' dir='ltr'><strong>furentes</strong></span> <span class='ocrx_word' id='word_1_20' title='bbox 721 997 937 1063; x_wconf 77' lang='lat' dir='ltr'><strong>Eumenidum</strong></span> <span class='ocrx_word' id='word_1_21' title='bbox 957 999 1069 1064; x_wconf 91' lang='lat' dir='ltr'><strong>choros</strong></span> 
     </span>
     <span class='ocr_line' id='line_1_5' title="bbox 397 1108 967 1196; baseline 0.002 -23"><span class='ocrx_word' id='word_1_22' title='bbox 397 1108 530 1175; x_wconf 87' lang='lat' dir='ltr'><strong>Disiecit</strong></span> <span class='ocrx_word' id='word_1_23' title='bbox 552 1110 635 1174; x_wconf 88' lang='lat' dir='ltr'><strong>almo</strong></span> <span class='ocrx_word' id='word_1_24' title='bbox 654 1111 788 1177; x_wconf 81' lang='lat' dir='ltr'><strong>fulmine</strong></span> <span class='ocrx_word' id='word_1_25' title='bbox 810 1111 967 1196; x_wconf 90' lang='lat' dir='ltr'><strong>Iuppiter!</strong></span> 
     </span>
     <span class='ocr_line' id='line_1_6' title="bbox 441 1222 965 1289; baseline 0.004 -3"><span class='ocrx_word' id='word_1_26' title='bbox 441 1222 528 1287; x_wconf 86' lang='lat' dir='ltr'><strong>Huic</strong></span> <span class='ocrx_word' id='word_1_27' title='bbox 551 1243 605 1287; x_wconf 84' lang='lat' dir='ltr'><strong>ara</strong></span> <span class='ocrx_word' id='word_1_28' title='bbox 628 1222 739 1288; x_wconf 83' lang='lat' dir='ltr'><strong>stabit:</strong></span> <span class='ocrx_word' id='word_1_29' title='bbox 761 1224 846 1288; x_wconf 86' lang='lat' dir='ltr'><strong>fama</strong></span> <span class='ocrx_word' id='word_1_30' title='bbox 869 1228 965 1289; x_wconf 88' lang='lat' dir='ltr'><strong>cantu</strong></span> 
     </span>
     <span class='ocr_line' id='line_1_7' title="bbox 489 1335 1002 1421; baseline 0.002 -21"><span class='ocrx_word' id='word_1_31' title='bbox 489 1335 643 1421; x_wconf 89' lang='lat' dir='ltr'><strong>Perpetuo</strong></span> <span class='ocrx_word' id='word_1_32' title='bbox 666 1335 854 1401; x_wconf 88' lang='lat' dir='ltr'><strong>celebranda</strong></span> <span class='ocrx_word' id='word_1_33' title='bbox 877 1341 1002 1402; x_wconf 75' lang='lat' dir='ltr'><strong>crescet.</strong></span> 
     </span>
    </p>
   </div>
   <div class='ocr_carea' id='block_1_4' title="bbox 178 1550 1291 1975">
    <p class='ocr_par' dir='ltr' id='par_1_4' title="bbox 178 1550 1291 1975">
     <span class='ocr_line' id='line_1_8' title="bbox 222 1550 1291 1635; baseline 0.001 -22"><span class='ocrx_word' id='word_1_34' title='bbox 222 1550 368 1615; x_wconf 88' lang='lat' dir='ltr'><strong>Audisne</strong></span> <span class='ocrx_word' id='word_1_35' title='bbox 399 1550 476 1634; x_wconf 91' lang='lat' dir='ltr'><strong>quid</strong></span> <span class='ocrx_word' id='word_1_36' title='bbox 507 1551 590 1615; x_wconf 87' lang='lat' dir='ltr'><strong>inter</strong></span> <span class='ocrx_word' id='word_1_37' title='bbox 612 1570 723 1616; x_wconf 84' lang='lat' dir='ltr'><strong>verum</strong></span> <span class='ocrx_word' id='word_1_38' title='bbox 746 1550 916 1615; x_wconf 85' lang='lat' dir='ltr'><strong>Horatium</strong></span> <span class='ocrx_word' id='word_1_39' title='bbox 939 1556 970 1617; x_wconf 87' lang='lat' dir='ltr'><strong>et</strong></span> <span class='ocrx_word' id='word_1_40' title='bbox 992 1552 1175 1635; x_wconf 88' lang='lat' dir='ltr'><strong>imperitum</strong></span> <span class='ocrx_word' id='word_1_41' title='bbox 1198 1550 1291 1615; x_wconf 90' lang='lat' dir='ltr'><strong>falsa·</strong></span> 
     </span>
     <span class='ocr_line' id='line_1_9' title="bbox 178 1663 1291 1750; baseline 0.002 -22"><span class='ocrx_word' id='word_1_42' title='bbox 178 1666 263 1728; x_wconf 91' lang='lat' dir='ltr'><strong>rium</strong></span> <span class='ocrx_word' id='word_1_43' title='bbox 295 1664 444 1727; x_wconf 81' lang='lat' dir='ltr'><strong>intersit?</strong></span> <span class='ocrx_word' id='word_1_44' title='bbox 473 1663 598 1728; x_wconf 79' lang='lat' dir='ltr'><strong>Tertius</strong></span> <span class='ocrx_word' id='word_1_45' title='bbox 625 1665 772 1748; x_wconf 82' lang='lat' dir='ltr'><strong>strophae</strong></span> <span class='ocrx_word' id='word_1_46' title='bbox 796 1665 944 1729; x_wconf 83' lang='lat' dir='ltr'><strong>Alcaicae</strong></span> <span class='ocrx_word' id='word_1_47' title='bbox 966 1684 1079 1730; x_wconf 88' lang='lat' dir='ltr'><strong>versus</strong></span> <span class='ocrx_word' id='word_1_48' title='bbox 1101 1665 1291 1750; x_wconf 90' lang='lat' dir='ltr'><strong>plerumque</strong></span> 
     </span>
     <span class='ocr_line' id='line_1_10' title="bbox 179 1777 1291 1864; baseline 0.001 -22"><span class='ocrx_word' id='word_1_49' title='bbox 179 1778 263 1862; x_wconf 86' lang='lat' dir='ltr'><strong>apud</strong></span> <span class='ocrx_word' id='word_1_50' title='bbox 284 1778 453 1842; x_wconf 86' lang='lat' dir='ltr'><strong>Horatium</strong></span> <span class='ocrx_word' id='word_1_51' title='bbox 477 1797 494 1842; x_wconf 89' lang='lat' dir='ltr'><strong>e</strong></span> <span class='ocrx_word' id='word_1_52' title='bbox 516 1777 619 1843; x_wconf 87' lang='lat' dir='ltr'><strong>tribus</strong></span> <span class='ocrx_word' id='word_1_53' title='bbox 642 1784 766 1843; x_wconf 89' lang='lat' dir='ltr'><strong>constat</strong></span> <span class='ocrx_word' id='word_1_54' title='bbox 788 1778 961 1862; x_wconf 89' lang='lat' dir='ltr'><strong>vocabulis,</strong></span> <span class='ocrx_word' id='word_1_55' title='bbox 985 1779 1040 1844; x_wconf 92' lang='lat' dir='ltr'><strong>sed</strong></span> <span class='ocrx_word' id='word_1_56' title='bbox 1065 1798 1232 1864; x_wconf 89' lang='lat' dir='ltr'><strong>nunquam</strong></span> <span class='ocrx_word' id='word_1_57' title='bbox 1245 1780 1291 1843; x_wconf 91' lang='lat' dir='ltr'><strong>sic</strong></span> 
     </span>
     <span class='ocr_line' id='line_1_11' title="bbox 178 1891 862 1975; baseline 0.003 -21"><span class='ocrx_word' id='word_1_58' title='bbox 178 1895 213 1955; x_wconf 90' lang='lat' dir='ltr'><strong>in</strong></span> <span class='ocrx_word' id='word_1_59' title='bbox 235 1896 340 1975; x_wconf 87' lang='lat' dir='ltr'><strong>partes</strong></span> <span class='ocrx_word' id='word_1_60' title='bbox 363 1891 511 1975; x_wconf 81' lang='lat' dir='ltr'><strong>aequales</strong></span> <span class='ocrx_word' id='word_1_61' title='bbox 534 1897 582 1956; x_wconf 89' lang='lat' dir='ltr'><strong>est</strong></span> <span class='ocrx_word' id='word_1_62' title='bbox 605 1892 728 1956; x_wconf 87' lang='lat' dir='ltr'><strong>divisus</strong></span> <span class='ocrx_word' id='word_1_63' title='bbox 751 1897 787 1956; x_wconf 90' lang='lat' dir='ltr'><strong>ut</strong></span> <span class='ocrx_word' id='word_1_64' title='bbox 810 1892 862 1956; x_wconf 93' lang='lat' dir='ltr'><strong>hic</strong></span> 
     </span>
    </p>
   </div>
   <div class='ocr_carea' id='block_1_5' title="bbox 442 2076 1035 2162">
    <p class='ocr_par' dir='ltr' id='par_1_5' title="bbox 442 2076 1035 2162">
     <span class='ocr_line' id='line_1_12' title="bbox 442 2076 1035 2162; baseline 0.002 -22"><span class='ocrx_word' id='word_1_65' title='bbox 442 2076 518 2141; x_wconf 91' lang='lat' dir='ltr'><strong>huic</strong></span> <span class='ocrx_word' id='word_1_66' title='bbox 538 2076 543 2159; x_wconf 84' lang='grc' dir='ltr'>Ι</span> <span class='ocrx_word' id='word_1_67' title='bbox 563 2098 618 2142; x_wconf 88' lang='lat' dir='ltr'><strong>ara</strong></span> <span class='ocrx_word' id='word_1_68' title='bbox 637 2077 642 2160; x_wconf 75' lang='lat' dir='ltr'><strong>l</strong></span> <span class='ocrx_word' id='word_1_69' title='bbox 663 2077 758 2142; x_wconf 88' lang='lat' dir='ltr'><strong>stabit</strong></span> <span class='ocrx_word' id='word_1_70' title='bbox 777 2078 782 2162; x_wconf 90' lang='grc' dir='ltr'>Ι</span> <span class='ocrx_word' id='word_1_71' title='bbox 801 2077 885 2142; x_wconf 86' lang='lat' dir='ltr'><strong>fama</strong></span> <span class='ocrx_word' id='word_1_72' title='bbox 905 2078 910 2162; x_wconf 90' lang='grc' dir='ltr'>Ι</span> <span class='ocrx_word' id='word_1_73' title='bbox 930 2082 1035 2161; x_wconf 83' lang='lat' dir='ltr'><strong>cantu,</strong></span> 
     </span>
    </p>
   </div>
   <div class='ocr_carea' id='block_1_6' title="bbox 180 2277 1296 4302">
    <p class='ocr_par' dir='ltr' id='par_1_6' title="bbox 180 2277 1293 2591">
     <span class='ocr_line' id='line_1_13' title="bbox 181 2277 1291 2363; baseline 0 -21"><span class='ocrx_word' id='word_1_74' title='bbox 181 2299 344 2363; x_wconf 89' lang='lat' dir='ltr'><strong>nunquam</strong></span> <span class='ocrx_word' id='word_1_75' title='bbox 370 2279 440 2344; x_wconf 89' lang='lat' dir='ltr'><strong>eius</strong></span> <span class='ocrx_word' id='word_1_76' title='bbox 466 2279 521 2343; x_wconf 93' lang='lat' dir='ltr'><strong>ille</strong></span> <span class='ocrx_word' id='word_1_77' title='bbox 544 2284 592 2344; x_wconf 91' lang='lat' dir='ltr'><strong>est</strong></span> <span class='ocrx_word' id='word_1_78' title='bbox 615 2279 786 2360; x_wconf 87' lang='lat' dir='ltr'><strong>rhythmus</strong></span> <span class='ocrx_word' id='word_1_79' title='bbox 809 2297 905 2363; x_wconf 91' lang='lat' dir='ltr'><strong>quem</strong></span> <span class='ocrx_word' id='word_1_80' title='bbox 928 2278 1043 2342; x_wconf 84' lang='lat' dir='ltr'><strong>musici</strong></span> <span class='ocrx_word' id='word_1_81' title='bbox 1065 2277 1186 2342; x_wconf 88' lang='lat' dir='ltr'><strong>Italico</strong></span> <span class='ocrx_word' id='word_1_82' title='bbox 1201 2297 1291 2342; x_wconf 85' lang='lat' dir='ltr'><strong>voca·</strong></span> 
     </span>
     <span class='ocr_line' id='line_1_14' title="bbox 180 2391 1293 2477; baseline -0.003 -19"><span class='ocrx_word' id='word_1_83' title='bbox 180 2392 255 2458; x_wconf 92' lang='lat' dir='ltr'><strong>bulo</strong></span> <span class='ocrx_word' id='word_1_84' title='bbox 282 2392 459 2475; x_wconf 86' lang='lat' dir='ltr'><strong>„staccato”</strong></span> <span class='ocrx_word' id='word_1_85' title='bbox 484 2393 650 2477; x_wconf 85' lang='lat' dir='ltr'><strong>appellant.</strong></span> <span class='ocrx_word' id='word_1_86' title='bbox 674 2391 736 2457; x_wconf 86' lang='lat' dir='ltr'><strong>Sed</strong></span> <span class='ocrx_word' id='word_1_87' title='bbox 758 2393 835 2457; x_wconf 88' lang='lat' dir='ltr'><strong>talia</strong></span> <span class='ocrx_word' id='word_1_88' title='bbox 858 2393 1034 2457; x_wconf 90' lang='lat' dir='ltr'><strong>audiuntur</strong></span> <span class='ocrx_word' id='word_1_89' title='bbox 1056 2397 1087 2456; x_wconf 92' lang='lat' dir='ltr'><strong>et</strong></span> <span class='ocrx_word' id='word_1_90' title='bbox 1107 2393 1293 2456; x_wconf 85' lang='lat' dir='ltr'><strong>sentiuntur</strong></span> 
     </span>
     <span class='ocr_line' id='line_1_15' title="bbox 180 2507 704 2591; baseline -0.002 -21"><span class='ocrx_word' id='word_1_91' title='bbox 180 2507 295 2572; x_wconf 89' lang='lat' dir='ltr'><strong>melius</strong></span> <span class='ocrx_word' id='word_1_92' title='bbox 318 2527 414 2591; x_wconf 87' lang='lat' dir='ltr'><strong>quam</strong></span> <span class='ocrx_word' id='word_1_93' title='bbox 438 2507 704 2572; x_wconf 88' lang='lat' dir='ltr'><strong>demonstrantur.</strong></span> 
     </span>
    </p>

    <p class='ocr_par' dir='ltr' id='par_1_7' title="bbox 180 2617 1296 4302">
     <span class='ocr_line' id='line_1_16' title="bbox 223 2617 1293 2704; baseline -0.002 -20"><span class='ocrx_word' id='word_1_94' title='bbox 223 2619 375 2687; x_wconf 89' lang='lat' dir='ltr'><strong>Dicebam</strong></span> <span class='ocrx_word' id='word_1_95' title='bbox 400 2621 493 2685; x_wconf 92' lang='lat' dir='ltr'><strong>modo</strong></span> <span class='ocrx_word' id='word_1_96' title='bbox 515 2625 583 2685; x_wconf 89' lang='lat' dir='ltr'><strong>tum</strong></span> <span class='ocrx_word' id='word_1_97' title='bbox 604 2621 732 2685; x_wconf 93' lang='lat' dir='ltr'><strong>demum</strong></span> <span class='ocrx_word' id='word_1_98' title='bbox 751 2623 875 2704; x_wconf 73' lang='lat' dir='ltr'><strong>potitam</strong></span> <span class='ocrx_word' id='word_1_99' title='bbox 887 2617 1058 2684; x_wconf 89' lang='lat' dir='ltr'><strong>Horatium</strong></span> <span class='ocrx_word' id='word_1_100' title='bbox 1069 2618 1170 2685; x_wconf 85' lang='lat' dir='ltr'><strong>fuisse</strong></span> <span class='ocrx_word' id='word_1_101' title='bbox 1183 2620 1293 2703; x_wconf 84' lang='lat' dir='ltr'><strong>negari</strong></span> 
     </span>
     <span class='ocr_line' id='line_1_17' title="bbox 180 2733 1293 2822; baseline -0.004 -20"><span class='ocrx_word' id='word_1_102' title='bbox 180 2756 273 2822; x_wconf 88' lang='lat' dir='ltr'><strong>posse</strong></span> <span class='ocrx_word' id='word_1_103' title='bbox 304 2739 332 2802; x_wconf 91' lang='lat' dir='ltr'><strong>si</strong></span> <span class='ocrx_word' id='word_1_104' title='bbox 362 2757 381 2802; x_wconf 94' lang='lat' dir='ltr'><strong>a</strong></span> <span class='ocrx_word' id='word_1_105' title='bbox 402 2741 493 2821; x_wconf 68' lang='lat' dir='ltr'><strong>pocta</strong></span> <span class='ocrx_word' id='word_1_106' title='bbox 515 2755 591 2820; x_wconf 87' lang='lat' dir='ltr'><strong>prae</strong></span> <span class='ocrx_word' id='word_1_107' title='bbox 615 2735 727 2800; x_wconf 89' lang='lat' dir='ltr'><strong>ceteris</strong></span> <span class='ocrx_word' id='word_1_108' title='bbox 752 2733 895 2798; x_wconf 89' lang='lat' dir='ltr'><strong>ardorem</strong></span> <span class='ocrx_word' id='word_1_109' title='bbox 918 2733 1139 2818; x_wconf 85' lang='lat' dir='ltr'><strong>fervoremque</strong></span> <span class='ocrx_word' id='word_1_110' title='bbox 1163 2752 1293 2817; x_wconf 83' lang='lat' dir='ltr'><strong>exspec-</strong></span> 
     </span>
     <span class='ocr_line' id='line_1_18' title="bbox 180 2846 1293 2936; baseline -0.004 -20"><span class='ocrx_word' id='word_1_111' title='bbox 180 2858 262 2916; x_wconf 89' lang='lat' dir='ltr'><strong>tares</strong></span> <span class='ocrx_word' id='word_1_112' title='bbox 292 2852 542 2936; x_wconf 89' lang='lat' dir='ltr'><strong>postularesque.</strong></span> <span class='ocrx_word' id='word_1_113' title='bbox 573 2849 679 2913; x_wconf 85' lang='lat' dir='ltr'><strong>Aliam</strong></span> <span class='ocrx_word' id='word_1_114' title='bbox 711 2854 818 2913; x_wconf 89' lang='lat' dir='ltr'><strong>tamen</strong></span> <span class='ocrx_word' id='word_1_115' title='bbox 848 2846 887 2912; x_wconf 95' lang='lat' dir='ltr'><strong>ob</strong></span> <span class='ocrx_word' id='word_1_116' title='bbox 912 2848 1060 2912; x_wconf 86' lang='lat' dir='ltr'><strong>virtutem</strong></span> <span class='ocrx_word' id='word_1_117' title='bbox 1085 2847 1293 2932; x_wconf 87' lang='lat' dir='ltr'><strong>dignissimus</strong></span> 
     </span>
     <span class='ocr_line' id='line_1_19' title="bbox 181 2960 1294 3049; baseline -0.005 -19"><span class='ocrx_word' id='word_1_118' title='bbox 181 2971 229 3030; x_wconf 91' lang='lat' dir='ltr'><strong>est</strong></span> <span class='ocrx_word' id='word_1_119' title='bbox 263 2964 416 3030; x_wconf 86' lang='lat' dir='ltr'><strong>Horatius</strong></span> <span class='ocrx_word' id='word_1_120' title='bbox 447 2983 542 3049; x_wconf 90' lang='lat' dir='ltr'><strong>quem</strong></span> <span class='ocrx_word' id='word_1_121' title='bbox 573 2968 697 3047; x_wconf 71' lang='lat' dir='ltr'><strong>poetam</strong></span> <span class='ocrx_word' id='word_1_122' title='bbox 729 2981 897 3027; x_wconf 87' lang='lat' dir='ltr'><strong>vocemus:</strong></span> <span class='ocrx_word' id='word_1_123' title='bbox 930 2962 1055 3046; x_wconf 84' lang='lat' dir='ltr'><strong>egregie</strong></span> <span class='ocrx_word' id='word_1_124' title='bbox 1078 2963 1162 3026; x_wconf 90' lang='lat' dir='ltr'><strong>enim</strong></span> <span class='ocrx_word' id='word_1_125' title='bbox 1188 2960 1294 3026; x_wconf 90' lang='lat' dir='ltr'><strong>obser-</strong></span> 
     </span>
     <span class='ocr_line' id='line_1_20' title="bbox 180 3073 1294 3163; baseline -0.003 -22"><span class='ocrx_word' id='word_1_126' title='bbox 180 3098 255 3143; x_wconf 85' lang='lat' dir='ltr'><strong>vare</strong></span> <span class='ocrx_word' id='word_1_127' title='bbox 284 3083 407 3163; x_wconf 88' lang='lat' dir='ltr'><strong>poterat</strong></span> <span class='ocrx_word' id='word_1_128' title='bbox 437 3084 468 3143; x_wconf 92' lang='grc' dir='ltr'><strong>θῖ</strong></span> <span class='ocrx_word' id='word_1_129' title='bbox 497 3077 644 3142; x_wconf 86' lang='lat' dir='ltr'><strong>lubenter</strong></span> <span class='ocrx_word' id='word_1_130' title='bbox 672 3081 768 3159; x_wconf 90' lang='lat' dir='ltr'><strong>atque</strong></span> <span class='ocrx_word' id='word_1_131' title='bbox 791 3095 867 3140; x_wconf 87' lang='lat' dir='ltr'><strong>curn</strong></span> <span class='ocrx_word' id='word_1_132' title='bbox 891 3074 1054 3159; x_wconf 90' lang='lat' dir='ltr'><strong>voluptate</strong></span> <span class='ocrx_word' id='word_1_133' title='bbox 1077 3074 1214 3158; x_wconf 86' lang='lat' dir='ltr'><strong>quadam</strong></span> <span class='ocrx_word' id='word_1_134' title='bbox 1239 3073 1294 3138; x_wconf 92' lang='lat' dir='ltr'><strong>ob·</strong></span> 
     </span>
     <span class='ocr_line' id='line_1_21' title="bbox 181 3187 1294 3277; baseline -0.005 -20"><span class='ocrx_word' id='word_1_135' title='bbox 181 3191 335 3273; x_wconf 75' lang='lat' dir='ltr'><strong>servabat</strong></span> <span class='ocrx_word' id='word_1_136' title='bbox 366 3191 467 3277; x_wconf 81' lang='lat' dir='ltr'><strong>quid?</strong></span> <span class='ocrx_word' id='word_1_137' title='bbox 493 3190 650 3256; x_wconf 90' lang='lat' dir='ltr'><strong>Homines</strong></span> <span class='ocrx_word' id='word_1_138' title='bbox 673 3190 868 3273; x_wconf 90' lang='lat' dir='ltr'><strong>illorumque</strong></span> <span class='ocrx_word' id='word_1_139' title='bbox 892 3190 1000 3270; x_wconf 83' lang='lat' dir='ltr'><strong>vitam,</strong></span> <span class='ocrx_word' id='word_1_140' title='bbox 1024 3187 1139 3270; x_wconf 88' lang='lat' dir='ltr'><strong>studia,</strong></span> <span class='ocrx_word' id='word_1_141' title='bbox 1163 3206 1294 3252; x_wconf 87' lang='lat' dir='ltr'><strong>errores.</strong></span> 
     </span>
     <span class='ocr_line' id='line_1_22' title="bbox 182 3301 1293 3388; baseline -0.004 -17"><span class='ocrx_word' id='word_1_142' title='bbox 182 3306 288 3383; x_wconf 81' lang='lat' dir='ltr'><strong>Quum</strong></span> <span class='ocrx_word' id='word_1_143' title='bbox 319 3308 404 3370; x_wconf 91' lang='lat' dir='ltr'><strong>enim</strong></span> <span class='ocrx_word' id='word_1_144' title='bbox 435 3311 518 3370; x_wconf 89' lang='lat' dir='ltr'><strong>esset</strong></span> <span class='ocrx_word' id='word_1_145' title='bbox 548 3307 597 3368; x_wconf 83' lang='lat' dir='ltr'><strong>vir</strong></span> <span class='ocrx_word' id='word_1_146' title='bbox 617 3305 786 3368; x_wconf 90' lang='lat' dir='ltr'><strong>cultissimi</strong></span> <span class='ocrx_word' id='word_1_147' title='bbox 808 3304 937 3388; x_wconf 85' lang='lat' dir='ltr'><strong>ingenii,</strong></span> <span class='ocrx_word' id='word_1_148' title='bbox 960 3322 1037 3366; x_wconf 80' lang='lat' dir='ltr'><strong>mox</strong></span> <span class='ocrx_word' id='word_1_149' title='bbox 1062 3301 1184 3368; x_wconf 89' lang='lat' dir='ltr'><strong>nobiles</strong></span> <span class='ocrx_word' id='word_1_150' title='bbox 1208 3303 1293 3367; x_wconf 87' lang='lat' dir='ltr'><strong>viros</strong></span> 
     </span>
     <span class='ocr_line' id='line_1_23' title="bbox 181 3416 1294 3503; baseline -0.004 -18"><span class='ocrx_word' id='word_1_151' title='bbox 181 3423 298 3485; x_wconf 88' lang='lat' dir='ltr'><strong>amicos</strong></span> <span class='ocrx_word' id='word_1_152' title='bbox 333 3424 445 3484; x_wconf 90' lang='lat' dir='ltr'><strong>nactus</strong></span> <span class='ocrx_word' id='word_1_153' title='bbox 476 3425 534 3503; x_wconf 80' lang='grc' dir='ltr'>θεῖ,</span> <span class='ocrx_word' id='word_1_154' title='bbox 567 3420 622 3503; x_wconf 90' lang='lat' dir='ltr'><strong>qui</strong></span> <span class='ocrx_word' id='word_1_155' title='bbox 644 3424 676 3483; x_wconf 90' lang='lat' dir='ltr'><strong>et</strong></span> <span class='ocrx_word' id='word_1_156' title='bbox 698 3419 759 3501; x_wconf 93' lang='lat' dir='ltr'><strong>ipsi</strong></span> <span class='ocrx_word' id='word_1_157' title='bbox 783 3417 890 3481; x_wconf 88' lang='lat' dir='ltr'><strong>literas</strong></span> <span class='ocrx_word' id='word_1_158' title='bbox 914 3416 1163 3501; x_wconf 88' lang='lat' dir='ltr'><strong>disciplinasque</strong></span> <span class='ocrx_word' id='word_1_159' title='bbox 1187 3418 1294 3500; x_wconf 88' lang='lat' dir='ltr'><strong>magni</strong></span> 
     </span>
     <span class='ocr_line' id='line_1_24' title="bbox 180 3528 1294 3615; baseline -0.003 -18"><span class='ocrx_word' id='word_1_160' title='bbox 180 3533 327 3598; x_wconf 86' lang='lat' dir='ltr'><strong>facerent.</strong></span> <span class='ocrx_word' id='word_1_161' title='bbox 351 3532 464 3597; x_wconf 86' lang='lat' dir='ltr'><strong>Annos</strong></span> <span class='ocrx_word' id='word_1_162' title='bbox 489 3531 722 3615; x_wconf 86' lang='lat' dir='ltr'><strong>duodetriginta</strong></span> <span class='ocrx_word' id='word_1_163' title='bbox 745 3536 841 3594; x_wconf 91' lang='lat' dir='ltr'><strong>natus</strong></span> <span class='ocrx_word' id='word_1_164' title='bbox 860 3531 923 3593; x_wconf 90' lang='lat' dir='ltr'><strong>iam</strong></span> <span class='ocrx_word' id='word_1_165' title='bbox 944 3529 1118 3594; x_wconf 86' lang='lat' dir='ltr'><strong>Maecenati</strong></span> <span class='ocrx_word' id='word_1_166' title='bbox 1129 3528 1294 3594; x_wconf 88' lang='lat' dir='ltr'><strong>familiaris</strong></span> 
     </span>
     <span class='ocr_line' id='line_1_25' title="bbox 182 3641 1294 3731; baseline -0.006 -18"><span class='ocrx_word' id='word_1_167' title='bbox 182 3652 264 3727; x_wconf 78' lang='lat' dir='ltr'><strong>erat3</strong></span> <span class='ocrx_word' id='word_1_168' title='bbox 291 3648 435 3731; x_wconf 90' lang='lat' dir='ltr'><strong>quinque</strong></span> <span class='ocrx_word' id='word_1_169' title='bbox 458 3647 551 3710; x_wconf 88' lang='lat' dir='ltr'><strong>annis</strong></span> <span class='ocrx_word' id='word_1_170' title='bbox 573 3651 644 3730; x_wconf 92' lang='lat' dir='ltr'><strong>post</strong></span> <span class='ocrx_word' id='word_1_171' title='bbox 663 3643 702 3708; x_wconf 85' lang='lat' dir='ltr'><strong>ab</strong></span> <span class='ocrx_word' id='word_1_172' title='bbox 722 3645 832 3708; x_wconf 87' lang='lat' dir='ltr'><strong>eodem</strong></span> <span class='ocrx_word' id='word_1_173' title='bbox 852 3643 1016 3728; x_wconf 89' lang='lat' dir='ltr'><strong>praedium</strong></span> <span class='ocrx_word' id='word_1_174' title='bbox 1036 3641 1190 3707; x_wconf 84' lang='lat' dir='ltr'><strong>Sabinum</strong></span> <span class='ocrx_word' id='word_1_175' title='bbox 1212 3642 1294 3706; x_wconf 93' lang='lat' dir='ltr'><strong>dono</strong></span> 
     </span>
     <span class='ocr_line' id='line_1_26' title="bbox 182 3757 1295 3847; baseline -0.006 -19"><span class='ocrx_word' id='word_1_176' title='bbox 182 3764 311 3847; x_wconf 86' lang='lat' dir='ltr'><strong>accepit,</strong></span> <span class='ocrx_word' id='word_1_177' title='bbox 347 3761 401 3827; x_wconf 89' lang='lat' dir='ltr'><strong>ubi</strong></span> <span class='ocrx_word' id='word_1_178' title='bbox 434 3780 567 3826; x_wconf 89' lang='lat' dir='ltr'><strong>securus</strong></span> <span class='ocrx_word' id='word_1_179' title='bbox 603 3765 698 3844; x_wconf 88' lang='lat' dir='ltr'><strong>atque</strong></span> <span class='ocrx_word' id='word_1_180' title='bbox 731 3761 860 3843; x_wconf 90' lang='lat' dir='ltr'><strong>quietus</strong></span> <span class='ocrx_word' id='word_1_181' title='bbox 894 3757 954 3822; x_wconf 92' lang='lat' dir='ltr'><strong>sibi</strong></span> <span class='ocrx_word' id='word_1_182' title='bbox 989 3758 1155 3841; x_wconf 89' lang='lat' dir='ltr'><strong>literisque</strong></span> <span class='ocrx_word' id='word_1_183' title='bbox 1189 3758 1295 3823; x_wconf 87' lang='lat' dir='ltr'><strong>vivere</strong></span> 
     </span>
     <span class='ocr_line' id='line_1_27' title="bbox 182 3871 1296 3961; baseline -0.005 -20"><span class='ocrx_word' id='word_1_184' title='bbox 182 3882 297 3961; x_wconf 87' lang='lat' dir='ltr'><strong>posset.</strong></span> <span class='ocrx_word' id='word_1_185' title='bbox 332 3875 405 3940; x_wconf 89' lang='lat' dir='ltr'><strong>Non</strong></span> <span class='ocrx_word' id='word_1_186' title='bbox 440 3894 514 3959; x_wconf 89' lang='lat' dir='ltr'><strong>ergo</strong></span> <span class='ocrx_word' id='word_1_187' title='bbox 546 3874 602 3939; x_wconf 87' lang='lat' dir='ltr'><strong>diu</strong></span> <span class='ocrx_word' id='word_1_188' title='bbox 633 3876 662 3938; x_wconf 89' lang='lat' dir='ltr'><strong>ei</strong></span> <span class='ocrx_word' id='word_1_189' title='bbox 685 3873 817 3938; x_wconf 86' lang='lat' dir='ltr'><strong>adversa</strong></span> <span class='ocrx_word' id='word_1_190' title='bbox 838 3873 900 3936; x_wconf 92' lang='lat' dir='ltr'><strong>fuit</strong></span> <span class='ocrx_word' id='word_1_191' title='bbox 922 3871 1073 3954; x_wconf 79' lang='lat' dir='ltr'><strong>Fortuna,</strong></span> <span class='ocrx_word' id='word_1_192' title='bbox 1096 3891 1159 3935; x_wconf 91' lang='lat' dir='ltr'><strong>non</strong></span> <span class='ocrx_word' id='word_1_193' title='bbox 1184 3871 1296 3936; x_wconf 87' lang='lat' dir='ltr'><strong>habuit</strong></span> 
     </span>
     <span class='ocr_line' id='line_1_28' title="bbox 184 3985 1295 4076; baseline -0.005 -21"><span class='ocrx_word' id='word_1_194' title='bbox 184 3991 270 4076; x_wconf 90' lang='lat' dir='ltr'><strong>quod</strong></span> <span class='ocrx_word' id='word_1_195' title='bbox 292 3991 377 4054; x_wconf 89' lang='lat' dir='ltr'><strong>vitae</strong></span> <span class='ocrx_word' id='word_1_196' title='bbox 400 4008 477 4054; x_wconf 89' lang='lat' dir='ltr'><strong>suae</strong></span> <span class='ocrx_word' id='word_1_197' title='bbox 500 3989 651 4052; x_wconf 86' lang='lat' dir='ltr'><strong>duritiam</strong></span> <span class='ocrx_word' id='word_1_198' title='bbox 671 3992 834 4051; x_wconf 87' lang='lat' dir='ltr'><strong>accusaret</strong></span> <span class='ocrx_word' id='word_1_199' title='bbox 852 3986 1014 4051; x_wconf 86' lang='lat' dir='ltr'><strong>Horatius.</strong></span> <span class='ocrx_word' id='word_1_200' title='bbox 1033 3985 1118 4050; x_wconf 91' lang='lat' dir='ltr'><strong>Hinc</strong></span> <span class='ocrx_word' id='word_1_201' title='bbox 1138 3986 1172 4049; x_wconf 92' lang='lat' dir='ltr'><strong>in</strong></span> <span class='ocrx_word' id='word_1_202' title='bbox 1184 3985 1295 4070; x_wconf 90' lang='lat' dir='ltr'><strong>pleris-</strong></span> 
     </span>
     <span class='ocr_line' id='line_1_29' title="bbox 184 4100 1294 4189; baseline -0.005 -20"><span class='ocrx_word' id='word_1_203' title='bbox 184 4124 247 4189; x_wconf 89' lang='lat' dir='ltr'><strong>que</strong></span> <span class='ocrx_word' id='word_1_204' title='bbox 277 4105 381 4169; x_wconf 88' lang='lat' dir='ltr'><strong>satiris</strong></span> <span class='ocrx_word' id='word_1_205' title='bbox 405 4108 468 4167; x_wconf 88' lang='lat' dir='ltr'><strong>tam</strong></span> <span class='ocrx_word' id='word_1_206' title='bbox 491 4103 573 4167; x_wconf 88' lang='lat' dir='ltr'><strong>lenis</strong></span> <span class='ocrx_word' id='word_1_207' title='bbox 596 4106 660 4182; x_wconf 86' lang='lat' dir='ltr'><strong>est;</strong></span> <span class='ocrx_word' id='word_1_208' title='bbox 685 4102 874 4186; x_wconf 89' lang='lat' dir='ltr'><strong>plerumque</strong></span> <span class='ocrx_word' id='word_1_209' title='bbox 896 4102 980 4164; x_wconf 93' lang='lat' dir='ltr'><strong>enim</strong></span> <span class='ocrx_word' id='word_1_210' title='bbox 1004 4101 1137 4164; x_wconf 90' lang='lat' dir='ltr'><strong>lectores</strong></span> <span class='ocrx_word' id='word_1_211' title='bbox 1161 4101 1207 4165; x_wconf 89' lang='lat' dir='ltr'><strong>sic</strong></span> <span class='ocrx_word' id='word_1_212' title='bbox 1228 4100 1294 4164; x_wconf 90' lang='lat' dir='ltr'><strong>fere</strong></span> 
     </span>
     <span class='ocr_line' id='line_1_30' title="bbox 183 4214 1294 4302; baseline -0.005 -20"><span class='ocrx_word' id='word_1_213' title='bbox 183 4218 372 4302; x_wconf 91' lang='lat' dir='ltr'><strong>alloquitur:</strong></span> <span class='ocrx_word' id='word_1_214' title='bbox 410 4236 480 4298; x_wconf 89' lang='lat' dir='ltr'><strong>„me</strong></span> <span class='ocrx_word' id='word_1_215' title='bbox 514 4216 627 4298; x_wconf 87' lang='lat' dir='ltr'><strong>videte,</strong></span> <span class='ocrx_word' id='word_1_216' title='bbox 658 4235 708 4280; x_wconf 89' lang='lat' dir='ltr'><strong>me</strong></span> <span class='ocrx_word' id='word_1_217' title='bbox 738 4215 923 4296; x_wconf 86' lang='lat' dir='ltr'><strong>imitamini;</strong></span> <span class='ocrx_word' id='word_1_218' title='bbox 948 4215 1026 4298; x_wconf 92' lang='lat' dir='ltr'><strong>quid</strong></span> <span class='ocrx_word' id='word_1_219' title='bbox 1049 4214 1172 4299; x_wconf 75' lang='lat' dir='ltr'><strong>trepidi,</strong></span> <span class='ocrx_word' id='word_1_220' title='bbox 1195 4214 1294 4297; x_wconf 81' lang='lat' dir='ltr'><strong>anxii,</strong></span> 
     </span>
    </p>
   </div>
   <div class='ocr_carea' id='block_1_7' title="bbox 0 0 1490 5130">
    <p class='ocr_par' dir='ltr' id='par_1_8' title="bbox 0 0 1490 5130">
     <span class='ocr_line' id='line_1_31' title="bbox 0 0 1490 5130; baseline 0 0"><span class='ocrx_word' id='word_1_221' title='bbox 0 0 1490 5130; x_wconf 95' lang='lat' dir='ltr'><strong> </strong></span> 
     </span>
    </p>
   </div>
  </div>
 </body>
</html>
