2954 5130
793 519 833 582 36

242 724 338 788 quam
373 705 623 788 circumscripsit
653 703 902 788 Peerlkampius,
933 705 1052 768 iniuria
1083 705 1147 767 nisi
1178 705 1286 768 omnia
1310 723 1360 768 me

238 818 368 882 fallunt:
405 819 566 902 proprium
599 819 685 880 enim
716 816 849 881 Horatio
873 837 942 882 esse
966 817 1054 882 istud
1076 836 1180 902 genus
1205 837 1360 884 versuum

241 938 272 997 et
295 931 495 1015 stropharum
523 929 840 1014 „explicativorum”,
865 936 901 995 ut
923 932 968 995 ita
991 931 1104 1014 dicam,
1124 951 1190 994 non
1209 932 1262 996 hic
1274 932 1362 997 solus

240 1044 330 1109 locus
354 1044 454 1109 docet.

284 1157 309 1241 Ι,
334 1158 384 1221 31.
417 1154 503 1232 Quin
533 1156 677 1240 lepidum
701 1157 817 1221 existat
841 1175 966 1221 carmen
992 1158 1117 1221 sicum
1140 1157 1362 1243 Peerlkampio

241 1293 297 1357 pro
330 1277 450 1357 grata
480 1269 701 1336 Calabriae
724 1276 913 1335 armenta
934 1270 1080 1355 legamus
1104 1269 1230 1335 Graia
1254 1269 1363 1335 Gala·

241 1387 357 1451 briae
380 1389 586 1467 armenta,
609 1384 723 1449 deinde
743 1384 889 1468 strophas
909 1403 992 1468 quae
1012 1384 1185 1449 secundam
1199 1383 1238 1448 ab
1251 1385 1364 1449 ultima

242 1505 390 1584 separant
423 1500 598 1581 eiiciamus,
632 1498 781 1583 equidem
819 1499 949 1564 minime
987 1497 1107 1563 dubito.
1132 1497 1247 1564 Secum
1272 1504 1364 1583 po'e'ta

242 1613 395 1678 deliberat
429 1613 507 1696 quid
542 1610 582 1676 ab
616 1611 776 1696 Apolline,
810 1613 906 1677 cuius
937 1632 1058 1677 novum
1088 1612 1244 1697 templum
1276 1631 1363 1677 nunc

242 1746 317 1792 cum
349 1728 488 1792 maxime
517 1726 723 1810 frequentant
752 1724 898 1810 Romani,
922 1724 984 1791 sibi
1006 1727 1208 1810 potissimum
1232 1745 1363 1810 prccan-

243 1840 320 1904 dum
356 1840 404 1904 sit
444 1838 535 1922 „Non
572 1837 629 1903 ea”
664 1840 709 1903 ait
742 1858 845 1923 „quae
876 1841 989 1904 ceteris
1020 1837 1205 1903 hominibus
1230 1839 1361 1903 suntin

244 1955 344 2019 votis:
382 1955 504 2038 opimae
539 1958 671 2038 segetes,
705 1959 848 2018 armenta
883 1954 993 2037 nitida,
1023 1955 1095 2018 auri
1125 1951 1245 2038 copia''
1269 1952 1362 2018 Hauc

244 2068 500 2134 deliberationem
536 2066 643 2133 subito
678 2066 865 2151 abrumpere
899 2072 930 2132 et
964 2072 1037 2152 post
1071 2067 1168 2133 breve
1199 2067 1362 2133 silentium

243 2184 355 2268 paucis
377 2184 465 2249 hisce
488 2181 594 2248 verbis
618 2183 679 2246 viri
702 2202 776 2247 vere
799 2184 951 2266 sapientis
975 2184 1143 2248 enuntiare
1161 2202 1290 2267 preces:

464 2394 542 2458 Frui
564 2394 681 2479 paratis
704 2398 735 2459 et
758 2394 863 2458 valido
889 2395 968 2458 mihi

467 2509 573 2593 Latob,
597 2510 696 2574 dones
720 2514 751 2574 et
773 2527 885 2593 precor
907 2510 1031 2593 integra

510 2623 590 2688 Cum
615 2630 729 2707 mente,
753 2643 813 2687 nec
836 2629 962 2708 turpem
982 2629 1140 2688 senectam

553 2737 676 2823 Degere
699 2757 758 2804 nec
782 2739 903 2802 cithara
925 2742 1094 2802 carentem.

244 2977 396 3061 elegantis
430 2982 478 3040 est
511 2979 637 3060 potitae:
673 2975 743 3059 ipsa
774 2975 859 3039 enim
889 2972 1029 3038 brevitas
1060 2975 1235 3038 sententiae
1258 2975 1363 3059 gravi·

243 3096 341 3156 tatem
365 3092 481 3155 mirum
502 3095 659 3174 quantum
679 3093 781 3172 auget
801 3087 915 3172 Neque
935 3093 1040 3151 tamen
1055 3106 1128 3151 cum
1142 3087 1362 3175 Peerlkampio

244 3205 405 3290 stropham
439 3206 564 3268 tertiam
597 3208 808 3287 quartamque
841 3201 1038 3287 proscribere
1061 3201 1183 3265 ausim:
1208 3201 1363 3267 Horatius

245 3319 330 3383 enim
364 3318 457 3382 unice
480 3318 519 3382 de
543 3322 642 3381 metro
667 3316 823 3381 solhcitus
849 3315 975 3379 brevem
999 3334 1116 3397 rerum,
1140 3334 1220 3398 quas
1244 3315 1363 3400 vulgus

245 3439 330 3497 amat
361 3433 533 3517 magnique
557 3431 641 3514 facit,
664 3429 809 3494 sufficere
833 3430 1116 3510 enumerationem,
1139 3430 1233 3513 eique
1256 3429 1362 3494 statim

245 3567 286 3612 ne
309 3567 374 3612 uno
399 3546 527 3631 quidem
552 3545 649 3610 verbo
672 3547 836 3612 interiecto
862 3544 1065 3629 opponendas
1090 3562 1159 3608 esse
1183 3563 1275 3608 voras
1298 3545 1362 3608 sin·

143 3691 145 3695 ’
245 3680 396 3746 cerasque
420 3659 599 3746 philosophi
623 3665 654 3723 et
677 3664 787 3744 poetae
811 3659 938 3723 divitias
958 3677 1023 3721 non
1043 3658 1151 3722 sensit.
1170 3656 1363 3722 immoratur

245 3795 320 3860 ergo
344 3775 542 3859 aliquamdiu
566 3793 625 3838 suo
649 3775 717 3858 ipse
740 3791 903 3856 response,
928 3791 992 3857 quo
1012 3791 1047 3836 se
1066 3771 1214 3856 vulgares
1235 3773 1363 3838 divitias

244 3895 446 3955 contemnere
477 3889 658 3970 declaravit,
681 3894 712 3952 et
738 3887 857 3970 „istas”
880 3888 986 3971 inquit
1013 3887 1087 3969 „alii
1111 3887 1173 3952 sihi
1195 3886 1363 3971 habeant”,

243 4008 341 4087 atque
375 4021 416 4067 ex
450 4003 509 4067 hac
544 4003 701 4067 sententia
730 4006 796 4065 tam
827 4000 904 4065 exili
937 4009 1068 4085 tamque
1092 4000 1259 4085 superflua
1284 4001 1364 4068 duas

245 4118 390 4200 strophas
421 4116 531 4199 effecit,
562 4117 714 4200 quoniam
747 4119 884 4179 metrum
907 4135 972 4179 uua
995 4120 1180 4179 contentum
1205 4134 1363 4181 essenon

247 4229 377 4296 sinebat.
402 4229 455 4295 Sic
477 4231 650 4295 interiectis
673 4230 879 4313 ineptissimis
902 4230 990 4295 hisce
1013 4229 1196 4295 versiculis:
