2954 5130
574 1499 740 1575 CAPUT
767 1498 1011 1589 QUINTUM.

276 2041 441 2126 Propertio
460 2059 535 2124 ergo
555 2039 671 2124 elegias
691 2059 766 2104 suas
787 2039 939 2105 scribenti
957 2040 1144 2125 frequenter
1156 2045 1229 2106 ante
1242 2041 1351 2106 oculos

233 2159 265 2220 et
294 2156 329 2218 in
352 2159 459 2219 mente
484 2153 585 2219 fuisse
607 2152 733 2217 Horatii
755 2154 837 2217 varii
857 2156 984 2238 generis
1009 2155 1151 2218 carmina
1174 2154 1267 2218 multi
1290 2156 1352 2218 viri

234 2269 400 2334 occasione
431 2266 536 2332 oblata
568 2266 754 2349 docuerant,
785 2270 817 2332 et
845 2267 890 2331 ita
913 2285 948 2332 se
970 2285 1037 2332 rem
1060 2267 1175 2333 habere
1199 2266 1351 2332 Hertnius

234 2400 363 2468 quoque
385 2400 442 2466 pro
466 2385 551 2446 certo
576 2381 697 2463 statuit,
719 2379 816 2464 illius,
836 2380 940 2464 credo,
961 2382 1017 2465 qui
1029 2382 1152 2465 primus
1164 2387 1352 2466 argumenta
1395 2466 1398 2471 ἡ

233 2497 361 2581 collegit
383 2500 547 2580 permotus
570 2495 764 2560 auctoritate.
789 2493 871 2559 Nam
896 2496 924 2559 si
947 2495 1015 2579 ipse
1037 2494 1125 2559 locos
1146 2496 1202 2579 qui
1221 2494 1262 2558 ad
1281 2514 1351 2561 eam

233 2610 422 2676 sententiam
459 2607 688 2673 defendendam
722 2607 809 2672 allati
840 2613 917 2672 sunt
940 2607 1045 2673 denuo
1069 2608 1291 2692 examinasset,
1315 2614 1352 2674 ut

233 2728 282 2790 est
315 2725 366 2788 vir
399 2723 470 2788 sani
503 2721 666 2806 sobriique
695 2721 816 2804 iudicii,
846 2727 902 2786 aut
932 2722 967 2785 in
989 2724 1091 2787 risum
1114 2723 1271 2807 erupisset
1294 2728 1351 2788 aut

232 2837 372 2922 graviter
405 2841 489 2901 esset
522 2835 708 2920 indignatus
743 2839 841 2899 totam
876 2812 1122 2920 philologorum.
1141 2835 1271 2900 domum
1303 2837 1350 2901 sic

233 2951 332 3016 unius
355 2949 512 3034 implicari
535 2949 677 3034 potuisse
699 2947 869 3014 erroribus.
892 2947 963 3013 Hoc
987 2951 1081 3032 enim,
1103 2950 1252 3033 quamvis
1274 2950 1352 3013 mihi

233 3063 375 3128 diffidere
398 3063 526 3146 soleam,
550 3062 709 3128 declarare
732 3066 764 3127 et
787 3062 910 3127 edicere
934 3081 999 3126 non
1023 3062 1134 3127 dubito
1147 3063 1350 3146 Propertium

232 3196 356 3243 amores
380 3196 456 3242 suos
479 3181 660 3241 cantantem
685 3175 724 3241 de
747 3174 881 3240 Horatio
905 3196 1072 3261 nunquam
1093 3178 1258 3261 cogitasse,
1277 3177 1350 3241 nul-

231 3292 295 3357 lius
319 3311 388 3357 esse
411 3292 505 3376 pretii
528 3297 715 3376 argumenta
742 3289 861 3374 quibus
880 3292 1076 3355 eontrarium
1097 3290 1223 3375 probari
1244 3290 1351 3356 videa·
1445 3330 1450 3337 ·

232 3411 294 3490 tur,
316 3406 404 3489 locis,
427 3407 484 3490 qui
507 3423 549 3470 ex
572 3410 709 3490 utroque
728 3409 820 3489 po‘e'ta
839 3423 931 3488 saepe
952 3406 1036 3470 inter
1061 3424 1095 3470 se
1118 3411 1351 3489 componantur

232 3540 273 3587 ne
295 3521 490 3586 levissimam
514 3519 643 3604 quidem
666 3537 736 3584 esse
759 3518 1001 3584 similitudinem
1022 3520 1261 3605 cognationisve
1281 3540 1351 3584 um·

231 3635 332 3702 bram.
355 3634 532 3701 Videamus
554 3633 689 3718 singula

364 3796 435 3861 Hoc
458 3801 525 3861 erat
547 3796 582 3860 in
605 3796 716 3880 primis
740 3794 826 3879 quod
851 3814 902 3860 me
924 3796 1064 3879 gaudere
1086 3795 1244 3862 iubebas?

275 3972 336 4038 His
359 3971 465 4038 verbis
488 3971 621 4056 elegiam
640 3971 699 4055 ΠΙ,
721 3971 761 4035 19
781 3971 905 4036 orditur
923 3971 1120 4056 Propertius,
1133 3991 1197 4056 qua
1209 3972 1351 4056 puellam

231 4086 415 4170 alloquitur,
438 4104 520 4170 quae
543 4089 711 4169 postquam
735 4103 792 4169 per
815 4083 910 4149 breve
933 4089 1060 4169 tempus
1083 4104 1143 4149 sua
1161 4084 1278 4169 gaudia
1291 4087 1349 4151 nni

232 4201 371 4268 servavit
392 4204 512 4285 po'e'tae,
534 4200 598 4265 iam
621 4199 699 4265 alias
723 4217 875 4284 quaerere
898 4199 1044 4264 videatur
1063 4199 1269 4265 conditiones.
1291 4199 1351 4267 Est
