2954 5130
781 498 824 561 48

287 681 387 747 Putes
410 683 449 747 de
469 683 579 768 aliquo
599 683 744 767 heroum,
765 683 822 767 qui
840 683 960 766 primas
979 683 1013 746 in
1026 681 1127 746 Iliade
1138 684 1239 766 egerit
1249 688 1366 768 partes,
1388 748 1391 753 .

244 813 423 861 sermonem
454 815 532 862 esse.
565 796 617 861 Ad
648 815 745 882 quem
769 815 857 861 nunc
881 802 930 861 est
951 795 1211 861 transeundum?
1237 795 1364 863 Scilicet

243 909 284 973 ad
318 909 502 974 Merionen:
533 910 586 974 hio
617 911 802 975 enimcum
827 909 999 975 utilissima
1021 909 1096 973 huic
1118 908 1189 973 loco
1212 911 1366 975 coniunc-

243 1022 330 1087 tione
361 1040 528 1107 quoque
560 1025 686 1109 egregie
711 1043 840 1088 versum
864 1021 1013 1107 explebit
1038 1021 1103 1087 Diu
1125 1028 1198 1107 post
1221 1024 1365 1109 aurigam

243 1136 353 1202 tardus
386 1137 506 1201 incedit
539 1134 727 1219 Diomedes;
763 1156 804 1202 ne
839 1141 944 1202 tamen
977 1137 1202 1220 stomachetur,
1233 1144 1366 1203 ornator

242 1252 382 1335 primum
408 1252 546 1336 epitheto
570 1252 720 1316 melior
742 1257 879 1336 patre,
903 1252 990 1335 quod
1014 1270 1210 1335 quamquam
1236 1251 1276 1317 ab
1300 1252 1364 1318 Ho-

243 1382 330 1429 mero
364 1370 529 1448 sumptum
564 1370 612 1430 est
645 1370 752 1429 tamen
785 1362 865 1428 οὐδὲν
896 1363 965 1444 πρὸς
990 1362 1038 1427 τὸν
1063 1360 1197 1445 ’Όμηρον
1221 1366 1363 1455 videtur3

243 1476 358 1541 deinde
380 1478 504 1562 integra
526 1478 655 1563 stropha

441 1637 543 1716 Quem
566 1627 613 1724 tu,
636 1660 751 1707 cervus
776 1642 825 1705 uti
847 1641 941 1704 vallis
964 1641 999 1704 in
1023 1641 1122 1706 altera

440 1753 556 1819 Visum
580 1759 669 1839 parte
693 1754 805 1839 lupum
830 1754 985 1838 graminis
1009 1754 1188 1836 immemor,

442 1867 581 1933 Sublimi
602 1868 707 1954 fugies
731 1868 837 1933 mollis
860 1867 1012 1951 anhelitu,

532 1982 606 2047 Non
628 1982 690 2047 hoc
713 1982 874 2066 pollicitus
897 1987 981 2065 tuae,

243 2177 308 2241 qua
326 2176 392 2223 non
412 2158 452 2223 de
470 2155 624 2224 Diomede
643 2159 811 2223 vaticinari
821 2162 915 2242 putes
927 2157 1078 2223 Proteum
1091 2159 1147 2222 sed
1160 2158 1200 2223 de
1211 2158 1363 2242 Menelao,

245 2273 301 2356 qui
335 2292 423 2337 nuno
453 2273 552 2338 miser
574 2273 693 2357 exulat,
719 2273 870 2356 quoniam
893 2272 1015 2336 nullam
1041 2273 1071 2336 ei
1094 2273 1201 2337 sedem
1225 2274 1362 2359 relique·

242 2391 319 2451 runt
349 2388 581 2452 commilitones
614 2393 714 2452 metro
744 2385 923 2450 habiliores.
948 2384 1008 2450 Sed
1033 2406 1075 2450 ne
1099 2388 1145 2450 sio
1169 2387 1299 2470 quidem
1322 2386 1361 2452 ad

241 2498 337 2565 finem
363 2502 508 2584 pervenit
531 2505 638 2585 potita:
665 2520 861 2585 quamquam
885 2501 971 2564 enim
995 2505 1043 2565 sat
1067 2500 1199 2584 longum
1222 2502 1286 2565 iam
1308 2521 1361 2567 ex·

243 2618 305 2678 etat
324 2633 461 2697 carmen,
484 2634 582 2678 unam
604 2614 766 2698 stropham
790 2615 886 2678 etiam
906 2613 1084 2678 addendam
1105 2633 1175 2679 esse
1187 2616 1362 2680 rectissime

242 2729 413 2812 perspexit.
443 2728 554 2793 Taceri
584 2729 669 2793 enim
700 2727 908 2792 nullomodo
931 2731 1055 2812 poterat
1078 2728 1117 2792 de
1140 2728 1229 2792 urbis
1253 2729 1362 2794 futuro

243 2843 376 2907 excidio.
407 2841 478 2907 Hoc
502 2848 549 2907 est
571 2862 629 2906 cur
651 2843 783 2906 minime
807 2861 880 2906 cum
906 2841 1125 2926 Peerlkampio
1149 2842 1264 2907 faciam
1288 2843 1362 2908 ulti·

244 2976 326 3020 mam
352 2957 513 3040 stropham
538 2956 664 3039 delenti,
688 2956 744 3021 sed
766 2955 914 3020 lubenter
937 2957 966 3020 ei
990 2957 1145 3021 assentior
1168 2956 1253 3021 illam
1274 2976 1363 3041 prae-

243 3070 437 3154 cedentibus,
472 3071 500 3134 si
532 3070 603 3135 fiori
638 3076 749 3155 potest,
781 3071 874 3135 otiam
899 3089 969 3135 osse
993 3071 1190 3155 ineptiorem.
1215 3069 1284 3134 Iam
1308 3071 1361 3135 ab·

219 3186 340 3256 ,surda
374 3190 422 3250 est
457 3186 629 3249 sententia:
669 3191 760 3269 „post
793 3191 934 3250 certos
969 3204 1100 3249 annos
1134 3185 1256 3249 Achaei
1288 3187 1363 3270 igne

243 3299 355 3365 urbem
377 3299 557 3384 vastabunt,
577 3321 771 3385 quamquam
791 3299 918 3365 fatalem
938 3301 1030 3365 illum
1044 3300 1125 3365 diem
1140 3302 1212 3364 irati
1224 3301 1361 3366 Achillis

243 3414 386 3480 absentia
417 3415 647 3499 aliquantisper
675 3413 826 3480 differet.”
858 3414 962 3478 Parva
995 3417 1089 3498 enim,
1123 3415 1238 3498 hercle,
1272 3436 1362 3480 mora

242 3529 298 3594 illa
320 3528 389 3594 fuit.
413 3530 458 3594 At
480 3529 618 3613 ineptior
641 3529 796 3593 elocutio:

465 3692 624 3756 Iracunda
646 3692 730 3756 diem
753 3690 890 3776 proferet
913 3691 973 3755 Ilio

465 3806 684 3890 Matronisque
707 3805 873 3890 Phrygum
898 3805 1009 3869 classis
1032 3806 1187 3887 Achillei;

464 3919 543 3986 Post
566 3925 668 3984 certas
689 3920 810 3984 hiemes
835 3924 906 3983 uret
928 3920 1089 3985 Achaicus

551 4034 641 4119 Ignis
663 4033 778 4097 lliacas
802 4032 922 4097 domos.

243 4211 390 4276 Audisne
412 4214 538 4295 poetam
562 4211 655 4275 metri
679 4207 865 4274 difficultate
889 4209 928 4273 ad
951 4210 1065 4274 incitas
1089 4211 1277 4275 redactum?
