2954 5130
710 507 775 571 149

177 696 228 761 vel
251 696 358 780 potius
381 695 425 760 ita
448 694 568 759 dicam:
592 695 719 760 iuvenis
740 695 797 779 qui
815 712 891 758 vero
912 693 1050 778 quodam
1061 691 1295 778 flagratamore

178 808 218 874 de
250 809 306 872 illo
339 809 437 874 tentis
467 807 655 893 ambagibus
676 807 892 893 philosophari
915 826 979 870 non
1003 811 1114 891 potest.
1139 805 1202 871 Sed
1225 824 1296 891 per·

176 942 301 1008 gamus.
338 921 432 1005 „Pam
466 924 580 1007 plenus
615 924 733 988 amoris
767 920 861 987 sum’'
896 923 941 986 ait
972 926 1064 1006 polita
1097 925 1153 1004 „ut
1182 939 1296 987 versus

177 1037 282 1102 facere
315 1055 381 1101 non
416 1035 566 1121 possim’'.
600 1035 682 1101 Mira
712 1055 773 1119 res,
808 1035 863 1100 sed
893 1034 1064 1100 affirmanti
1095 1034 1296 1100 credendum.

182 1151 254 1234 „Illi
289 1151 390 1214 amori
423 1169 487 1214 non
518 1153 669 1235 poterunt
699 1151 874 1214 amicorum
897 1148 1129 1214 admonitiones
1152 1148 1298 1213 adhorta·

178 1267 347 1350 tionesque
376 1266 540 1349 imponere
562 1262 689 1330 finem’'.
711 1262 783 1329 Hoc
806 1264 907 1348 magis
931 1261 1090 1328 credibile.
1118 1261 1224 1343 „Nihil
1248 1280 1299 1328 me

178 1378 240 1443 hoc
273 1377 408 1443 liberare
437 1396 545 1443 amore
573 1379 689 1462 poterit
712 1378 776 1442 nisi
799 1395 904 1443 novus
928 1376 1059 1461 quidam
1083 1375 1208 1440 ardor’'.
1232 1375 1298 1440 Ex·

178 1492 270 1577 plicit
288 1511 415 1557 carmen
439 1491 479 1556 ad
501 1490 651 1557 Pettium.
675 1490 760 1569 uuir
778 1510 853 1576 ergo
872 1491 961 1555 illius
972 1489 1035 1556 tuit
1046 1490 1297 1575 argumentum?

178 1604 317 1691 Rogavit
345 1605 469 1671 Pettius
490 1604 661 1670 Horatium
685 1610 723 1670 ut
743 1617 874 1670 'novum
906 1623 1033 1670 carmen
1057 1603 1216 1670 scriberet.
1237 1603 1299 1670 Re·

180 1718 317 1805 spondet
338 1724 430 1804 poeta
453 1720 637 1784 carmine
660 1718 866 1785 mittendo
890 1738 954 1803 quo
978 1718 1117 1785 declarat
1140 1737 1300 1802 seneque

179 1853 269 1898 nnnc
303 1835 443 1898 carmina
474 1831 612 1899 scribere
643 1851 748 1918 neque
774 1852 918 1918 unquam
942 1833 1073 1918 posthac
1096 1835 1300 1918 scripturum.

180 1946 268 2025 Quid
298 1951 346 2012 est
377 1946 416 2013 de
439 1965 545 2012 amore
567 1947 690 2032 nugari,
714 1966 815 2032 quum
839 1948 908 2031 ipse
931 1945 970 2011 ab
995 1965 1102 2011 amore
1125 1946 1301 2012 remotissi-

179 2082 254 2127 mus
277 2062 332 2146 sis,
356 2062 419 2127 nisi
441 2062 501 2126 hoc
524 2062 595 2128 est?
619 2061 663 2127 ut
685 2081 749 2147 quo
771 2061 1058 2146 prudentissimum
1086 2060 1167 2125 illud

802 2248 922 2323 ποιητὴν
943 2246 1033 2330 δ’ἄραι

426 2361 492 2446 ἔρως
515 2362 644 2447 Bubeium
663 2362 719 2430 ader
741 2361 873 2443 ἄμουσος
897 2359 914 2444 ᾖ
938 2363 971 2428 τὸ
993 2361 1058 2445 πρίν

181 2579 270 2661 abiit
301 2579 387 2664 quod
418 2598 514 2663 quarn
544 2577 669 2662 egregie
700 2581 731 2641 et
761 2575 869 2642 verbis
893 2581 925 2641 et
946 2575 1094 2660 exemplo
1118 2595 1177 2640 suo
1200 2574 1301 2659 expli-

180 2695 285 2760 cuerit
306 2693 492 2777 Propertius
517 2691 610 2756 modo
633 2689 799 2756 vidimus?
823 2689 895 2755 Non
920 2709 1048 2755 carmen
1070 2689 1159 2755 istud
1183 2694 1234 2754 est
1246 2689 1302 2754 sed

182 2809 336 2875 versiculi
371 2812 537 2892 utcunque
571 2805 700 2870 conflati
729 2804 768 2870 ab
800 2824 848 2883 ec,
872 2806 928 2890 qui
951 2804 1124 2869 dummodo
1145 2804 1223 2868 iusti
1246 2822 1301 2869 ex·

181 2924 349 3010 plerentur
379 2920 474 3007 pedes
497 2921 537 2986 de
561 2940 715 2986 versuum
739 2939 872 2985 suorum
897 2938 995 2984 sensu
1016 2918 1114 2983 fuerit
1138 2918 1302 2983 securissi-

183 3059 268 3104 mus.
290 3036 448 3103 Versibus
470 3041 576 3102 autem
603 3035 749 3099 15-18:

320 3225 441 3304 Quodsi
463 3225 544 3290 meis
566 3225 726 3288 inaestuet
749 3220 942 3306 praecordiis

364 3338 479 3404 Libera
501 3337 585 3420 bilis,
607 3342 644 3402 nt
666 3336 744 3401 haec
765 3337 891 3420 ingrata
914 3334 1017 3398 ventis
1040 3333 1161 3397 dividat

319 3454 474 3520 Fomenta
496 3453 617 3518 vulnus
640 3452 688 3515 nil
712 3449 832 3515 malum
853 3449 996 3514 levantia

365 3565 498 3633 Desinet
519 3564 696 3651 imparibus
718 3567 838 3629 certare
861 3566 1042 3628 summotus
1068 3560 1172 3645 pudor

186 3776 367 3855 temporum
390 3769 508 3833 iniuria
528 3767 678 3831 nocuisse
698 3763 832 3829 videtur.
850 3762 950 3827 Istius
971 3760 1056 3825 modi
1076 3762 1162 3826 enim
1174 3759 1305 3844 aliquod

186 3881 359 3956 ἀδιανόητον
395 3901 436 3947 ue
477 3900 578 3967 quum
614 3879 750 3963 pessime
787 3877 915 3962 quidem
950 3873 1102 3972 scriberet
1133 3873 1304 3939 HoratIum

188 3999 355 4085 scripsisse
378 3996 481 4063 credo.

233 4112 409 4178 Notissima
430 4111 485 4175 illa
508 4109 665 4175 sententia
688 4104 886 4180 aeraria—ri
908 4101 971 4185 πρίν
993 4102 1126 4167 Horatio
1145 4103 1201 4166 rix
1214 4103 1306 4168 inno-

188 4229 291 4294 tuisse
320 4225 454 4291 videtur.
484 4221 574 4288 Idem
603 4222 690 4287 enim
712 4219 792 4284 illud
818 4236 913 4304 „prae
936 4236 1043 4282 amore
1065 4234 1181 4281 versus
1202 4216 1305 4282 facere
