2954 5130
712 539 752 601 51

393 721 503 788 Rebus
525 722 655 789 Aeneae
677 722 800 808 potiore
823 723 936 788 ductos

506 836 593 902 Alite
619 855 737 902 muros.

219 1019 312 1099 Quod
344 1027 414 1087 tum
446 1023 575 1089 ‹lemum
605 1025 730 1089 veritati
761 1025 989 1091 convenienter
1011 1024 1133 1090 dietum
1157 1029 1241 1090 esset
1263 1026 1292 1090 si

174 1133 358 1220 Iupiter,
392 1134 529 1202 Veneris
562 1142 593 1202 et
623 1136 784 1222 Apollinis
815 1136 965 1222 precibus
995 1142 1111 1221 motus,
1134 1137 1292 1204 Achillem

174 1248 308 1315 fulmine
333 1251 550 1334 percussisset.
573 1251 618 1316 At
632 1251 733 1344 'illum
758 1252 873 1336 sagitta
895 1252 1057 1317 interemit
1079 1253 1205 1338 Apollo,
1228 1273 1293 1318 non
1371 1290 1374 1297 ·

174 1367 305 1448 rogatus
336 1363 392 1429 sed
422 1363 463 1428 ob
492 1363 620 1429 caedem
643 1362 852 1429 Troianorum
877 1363 996 1429 Achilli
1020 1366 1130 1430 iratus.
1156 1364 1293 1431 Possum

175 1480 349 1544 sicaetera
370 1480 528 1564 persequi,
550 1479 608 1544 sed
629 1479 693 1544 iam
716 1479 794 1545 haec
818 1477 965 1544 sufficere
989 1479 1149 1545 videntur.

220 1715 272 1780 Ad
306 1714 395 1781 aliud
430 1734 557 1781 carmen
586 1720 723 1800 transeo,
758 1715 846 1801 quod
877 1720 909 1781 et
932 1715 1043 1781 eodem
1066 1715 1131 1782 iere
1154 1720 1295 1802 tempore

177 1830 387 1915 compositum
421 1833 470 1895 est
498 1834 595 1915 atque
626 1829 659 1894 id
691 1830 818 1914 dequo
843 1829 936 1894 modo
960 1829 1101 1895 dicebam
1127 1832 1187 1911 (est
1210 1831 1296 1895 enim

177 1948 210 2009 et
230 1944 336 2029 ipsum
367 1941 441 2008 libri
468 1945 594 2029 quarti),
617 1948 650 2010 et
671 1943 720 2008 illi
742 1943 828 2029 quod
852 1963 870 2010 e
892 1941 926 2008 Ia
949 1942 967 2008 I
990 1943 1157 2009 attulimus
1180 1946 1217 2025 (a
1243 1945 1297 2026 15)

176 2062 305 2143 propter
323 2057 522 2143 frequentem
540 2056 615 2137 belli
633 2056 761 2122 Troiani
777 2058 972 2123 mentionem
988 2057 1051 2122 dici
1063 2061 1168 2143 potest
1180 2076 1295 2142 cogna-

178 2171 347 2237 tissimum.
381 2169 550 2257 Nusquam
586 2172 687 2257 magis
723 2171 762 2237 de
792 2191 891 2238 sensu
919 2190 1032 2236 eorum
1064 2190 1146 2255 quae
1178 2170 1297 2236 diceret

178 2304 312 2352 securus
341 2285 450 2368 fuisse,
473 2285 644 2351 dummodo
669 2289 806 2351 metrum
831 2284 960 2351 Graecis
984 2284 1139 2369 exemplis
1163 2303 1293 2369 respon·

179 2398 275 2482 deret,
297 2402 389 2483 polita
411 2397 545 2463 videtur.
569 2397 622 2463 Sic
644 2399 730 2464 enim
752 2397 892 2463 Lollium
914 2399 1052 2463 amicum
1077 2396 1175 2478 (libri
1187 2398 1293 2481 quarti

179 2531 302 2576 nonum
325 2515 374 2576 est
395 2514 533 2593 carmen)
557 2510 677 2596 alloqui
700 2512 827 2596 incipit:
855 2509 948 2594 ,Noli
972 2515 1121 2593 metuere,
1141 2511 1186 2575 mi
1204 2508 1296 2592 Lolli,

180 2644 222 2691 ne
245 2626 386 2690 carmina
409 2626 510 2707 lyrica
529 2644 608 2708 mea,
627 2625 714 2710 quod
733 2645 791 2711 ego
810 2644 914 2711 genus
925 2626 1048 2711 primus
1060 2623 1150 2690 Latio
1163 2625 1297 2707 ostendi,

180 2741 215 2804 in
246 2738 440 2805 oblivionem
464 2737 609 2804 abeant”
631 2738 691 2804 Est
713 2758 787 2823 ergo
813 2739 899 2823 quod
922 2740 1095 2825 suspiceris
1120 2741 1184 2804 iam
1207 2743 1300 2804 antea

181 2860 309 2939 saepius
343 2852 436 2918 Lollii
468 2852 578 2919 laudes
609 2853 649 2917 ab
679 2852 814 2918 Horatio
838 2854 978 2918 carmine
1002 2852 1103 2935 lyrico
1126 2871 1196 2919 esse
1220 2852 1300 2918 cele·

180 2967 295 3033 bratas.
319 2967 363 3031 At
386 2987 547 3052 nusquam
570 2967 706 3033 huiusce
729 2965 823 3031 Lollii
846 2972 1012 3053 praeterea
1036 2968 1155 3032 mentio
1177 2965 1214 3031 fit
1237 2968 1300 3030 nisi

181 3081 281 3166 Epist.
305 3080 330 3163 I,
355 3081 407 3163 20,
430 3082 481 3163 28,
504 3080 649 3165 nihilque
671 3081 706 3144 in
729 3098 766 3145 eo
790 3099 887 3145 versu
910 3079 1016 3145 laudis
1039 3084 1104 3145 est:
1127 3080 1203 3143 anni
1215 3081 1300 3144 enim

182 3194 346 3259 indicandi
368 3214 465 3260 eausa
488 3195 642 3278 scriptum
669 3197 719 3259 est

339 3378 498 3466 Oollegam
522 3377 678 3464 Lepidum
702 3398 766 3465 quo
790 3379 872 3444 dixit
894 3377 1018 3444 Lollius
1042 3398 1138 3447 anno.

138 3564 139 3567 '
229 3570 293 3637 Sed
313 3574 389 3636 utut
409 3573 466 3651 est,
488 3567 579 3633 illum
604 3571 726 3632 metum
746 3570 784 3631 ut
803 3568 905 3631 amico
926 3566 1033 3632 demat
1052 3565 1188 3632 hoclere
1201 3566 1302 3630 utitur

184 3689 373 3770 argumento
392 3680 562 3746 Horatius:
586 3679 680 3760 ,licet
694 3678 857 3745 Homerus
869 3677 983 3745 celeris
996 3679 1145 3744 omnibus
1158 3679 1302 3743 cuiusvis

184 3799 311 3884 generis
345 3797 446 3881 poetis
476 3794 613 3879 palmam
643 3794 823 3878 praeripiat,
852 3798 958 3858 tamen
984 3793 1115 3856 minime
1137 3796 1303 3876 poetarum

184 3912 359 3994 lyricorum
393 3909 513 3973 interiit
543 3907 643 3970 fama:
675 3904 816 3988 Pindari,
847 3904 1032 3988 Simonidis,
1063 3904 1184 3986 Alcaei,
1206 3903 1303 3969 Stesi—

186 4026 283 4108 chori,
324 4023 544 4106 Anacreontis,
584 4019 760 4105 Sapphus.”
796 4018 940 4086 Profecto
977 4019 1127 4084 idoneum
1163 4024 1211 4083 est
1244 4017 1322 4081 hoo·

185 4144 410 4225 argumentum
432 4156 535 4222 eoque
557 4138 659 4220 magis
681 4135 876 4200 laudandum
896 4134 983 4220 quod
1008 4134 1145 4218 egregiis
1156 4131 1303 4197 versibus

188 4258 237 4321 eat
258 4259 471 4320 exornatum:
