2954 5130
712 482 774 544 122

177 664 273 750 Ergo,
296 668 333 731 ut
355 663 396 729 ad
418 662 611 731 Mommseni
633 665 760 731 redeam
781 667 973 730 orationem:
993 664 1085 730 facile
1103 665 1172 731 fieri
1194 669 1298 751 potest

178 785 215 845 nt
237 799 314 844 mox
336 779 453 864 aliquis
475 780 609 845 exsistat
628 780 684 863 qui
703 779 861 864 Propertii
882 798 1011 863 quoqne
1023 778 1062 844 de
1074 778 1163 844 urbis
1175 777 1298 844 Romae

178 895 332 979 dignitate
373 898 405 959 et
440 894 607 959 sanctitate
642 892 710 975 (IV,
745 894 798 974 22)
832 893 937 957 locum
973 891 1013 957 ad
1050 892 1298 958 dissuadendam

177 1008 320 1093 Augusti
345 1007 535 1072 sententiam
559 1007 713 1091 scriptum
739 1007 930 1090 suspicetur,
948 1005 1035 1070 haud
1054 1007 1139 1071 enim
1159 1005 1299 1073 absurda

179 1141 217 1188 ea
237 1121 320 1187 foret
341 1121 481 1206 suspicio
505 1121 561 1185 sed
584 1125 691 1185 tamen
719 1120 898 1186 falsissima

222 1233 335 1319 Neque
370 1233 451 1299 dura
482 1235 586 1298 solum
620 1239 669 1298 est
692 1232 829 1317 Cynthia
852 1235 907 1299 sed
931 1239 963 1300 et
985 1235 1074 1300 levis.
1097 1234 1241 1301 Metuere
1264 1255 1298 1302 se

180 1369 221 1415 ne
250 1348 421 1433 aliqnando
452 1347 508 1413 fiat
533 1347 636 1431 „fama
659 1346 769 1413 urbis”
793 1366 888 1433 saepe
912 1348 1051 1413 declarat
1072 1353 1174 1433 poeta,
1198 1351 1298 1415 mina-

180 1468 299 1547 turque
321 1462 351 1527 ei
373 1461 426 1545 (II,
449 1463 479 1544 ὀ,
503 1462 545 1526 27
570 1464 667 1546 sqq.):

314 1624 456 1691 Scribam
479 1625 588 1710 igitur,
611 1625 697 1710 quod
720 1644 785 1689 non
809 1644 954 1710 unquam
977 1629 1034 1691 tua
1057 1627 1160 1692 deleat
1180 1631 1276 1710 aetas,

359 1737 506 1823 ,Cynthia
526 1738 629 1805 forma
651 1743 773 1824 potens,
798 1737 937 1822 Cynthia
958 1740 1056 1806 verba
1079 1741 1179 1817 levis'.

228 1901 328 1980 Quam
360 1908 509 1968 constans
541 1868 572 1969 et
597 1901 701 1968 fidelis
725 1907 773 1968 est
795 1907 895 1988 potita,
919 1903 1061 1969 tamilla
1085 1909 1134 1969 est
1156 1906 1246 1970 varia
1269 1910 1300 1970 et

184 2015 356 2084 mutabilis.
379 2015 466 2081 Hinc
490 2017 520 2082 ei
542 2015 713 2101 exprobrat
735 2015 794 2099 111,
819 2017 870 2100 le,
895 2016 912 2079 1
937 2037 1024 2101 sqq.:

315 2181 386 2248 Hoc
409 2184 532 2247 eratin
555 2183 666 2267 primis
690 2181 776 2266 quod
801 2199 852 2247 me
873 2181 1013 2266 gaudere
1035 2180 1192 2247 iubebas?

358 2295 435 2361 Tam
458 2300 489 2361 te
511 2295 682 2360 formosam
706 2314 772 2359 non
796 2294 896 2380 pudet
918 2314 988 2360 esse
1009 2295 1132 2360 levem!

318 2409 390 2475 Una
412 2414 468 2474 aut
490 2409 589 2475 altera
612 2427 679 2473 nox
704 2409 880 2474 nondumst
901 2409 936 2472 in
958 2428 1065 2474 amore
1087 2414 1223 2494 peraeta,

359 2523 403 2589 Et
424 2524 511 2589 dicor
532 2524 613 2589 lecto
637 2524 700 2588 iam
722 2525 830 2608 gravis
853 2541 923 2588 esse
945 2527 1011 2588 tuo.

230 2696 335 2762 Unam
361 2697 416 2762 ille
439 2695 608 2780 cynthiam
632 2702 726 2781 amat,
749 2696 827 2762 haec
848 2649 928 2763 vero
947 2697 1120 2762 multorum
1145 2701 1195 2762 est
1217 2699 1301 2762 viro·

185 2830 268 2893 rum,
291 2810 451 2895 dignaque
473 2829 556 2895 quae
579 2828 654 2876 cnm
678 2809 785 2893 Laide,
806 2810 933 2894 Thaide,
952 2809 1083 2893 Phryne
1101 2816 1302 2896 comparetur

187 2923 240 3008 (Π,
263 2924 303 3006 6).
326 2923 398 2989 Hoc
419 2928 468 2989 est
490 2942 549 2989 cur
570 2925 741 2990 lacrimans
765 2925 922 3006 exclamet
944 2929 1037 3009 poeta
1060 2923 1113 3008 (ΙΙ,
1136 2926 1165 3002 8,
1186 2925 1205 2988 5
1225 2927 1300 3009 sq.):

318 3085 456 3151 Possum
478 3106 536 3172 ego
559 3088 593 3151 in
617 3088 748 3153 alterius
770 3088 905 3171 positam
929 3092 1071 3172 spectare
1092 3087 1235 3153 lacerto?

363 3198 430 3265 Neo
452 3219 523 3266 mea
545 3202 677 3284 dicetur,
702 3219 783 3285 qnae
807 3201 901 3265 modo
925 3201 1010 3265 dicta
1033 3200 1157 3266 meast?

186 3362 272 3428 Hine
294 3362 498 3429 acerbissima
517 3365 676 3428 accusatio
699 3362 751 3448 (II,
777 3365 805 3447 9,
831 3363 872 3426 19
892 3364 969 3447 sq.):

320 3525 366 3589 At
387 3530 424 3591 tu
445 3545 510 3590 non
536 3544 602 3589 una
624 3526 757 3610 potuisti
779 3529 873 3590 nocte
899 3544 1022 3608 vacare,

363 3639 466 3725 Impia
487 3659 554 3704 non
577 3659 679 3705 unum
704 3640 772 3704 sola
795 3658 924 3705 manere
947 3639 1040 3704 diem.

231 3801 314 3868 Nam
346 3801 434 3888 quod
459 3805 581 3888 praeter
603 3806 728 3887 potitam
751 3806 782 3867 et
805 3801 859 3865 alii
882 3820 952 3866 eam
976 3807 1084 3867 ament
1106 3802 1304 3888 cupiantque

188 3918 258 4001 viri,
281 3916 345 3982 illis
368 3922 476 4002 parata
500 3921 548 3981 est
571 3917 744 3981 excusatio.
772 3913 904 3999 „Adeo”
929 3917 1015 3980 enim

342 4142 345 4148 .
369 4080 571 4164 „Formosam
595 4099 666 4144 raro
689 4099 753 4143 non
778 4078 839 4145 sibi
862 4082 1000 4165 quisque
1024 4077 1130 4163 petit’'

984 4192 1054 4277 (ΠΙ,
1078 4194 1129 4277 32,
1151 4195 1192 4277 4).
