2954 5130
707 473 771 539 135

178 663 287 747 ipsum
324 665 450 746 podtam
467 659 634 726 ‘Latinum
668 660 816 745 peritum,
850 661 921 726 sani
954 660 1075 744 iudicii,
1109 659 1295 747 elegantem,

178 775 319 860 denique
352 776 459 840 virum
489 775 593 860 qualis
616 773 779 840 Lucienus
799 773 935 839 Mueller
957 778 1014 857 est,
1038 774 1095 858 qui
1117 775 1295 858 priscorum

177 888 363 973 praesertim
396 888 524 954 illorum
552 889 694 952 virorum
718 907 777 973 ope
798 887 1000 972 Propertium
1023 886 1116 952 nobis
1139 886 1297 970 exhibeat,

177 1006 311 1089 tersum,
350 1001 485 1068 maculis
518 1001 666 1088 liberum,
700 1003 923 1087 perspicuum:
958 1001 1031 1066 talis
1065 1002 1151 1067 enim
1186 1000 1299 1085 editor,

179 1118 305 1201 quoties
337 1118 374 1181 in
407 1117 536 1202 vulgato
568 1116 703 1182 lectione
737 1117 898 1202 acquiesci
928 1136 993 1181 non
1025 1120 1139 1201 potest,
1162 1135 1211 1182 ex
1241 1115 1298 1180 illa

178 1233 399 1316 suspicionum
433 1231 592 1317 farragine
625 1251 748 1317 semper
778 1233 812 1297 id
841 1232 936 1317 eliget
968 1231 1054 1317 quod
1086 1231 1242 1316 optimum
1266 1235 1297 1296 et

178 1347 223 1411 sit
256 1350 288 1411 et
314 1346 377 1431 ipsi
406 1347 560 1412 rideatur.
591 1345 644 1412 Sic
675 1365 788 1412 versus
817 1346 912 1412 nobis
943 1345 1106 1431 praebebit
1136 1364 1154 1411 a
1178 1342 1296 1429 quibus

178 1459 364 1545 Propertius
386 1478 462 1526 rere
485 1462 635 1546 cognosci
657 1461 767 1546 possit,
790 1480 856 1525 non
880 1461 966 1545 quod
990 1460 1030 1525 ad
1052 1459 1177 1525 literam
1198 1459 1244 1524 sic
1256 1457 1296 1524 ab

178 1573 236 1637 illo
258 1574 413 1658 seriptum
439 1573 540 1641 luisse
562 1576 715 1661 praestari
737 1574 804 1640 ullo
829 1575 924 1640 modo
946 1575 1046 1659 possit
1071 1611 1112 1622 -
1136 1593 1298 1658 nusquam

180 1687 269 1751 adest
300 1706 338 1753 aa
368 1685 548 1766 reclaudere
572 1688 695 1754 -sed
726 1689 916 1755 sententiam
940 1686 1136 1772 habebimus,
1161 1690 1299 1772 quaest

180 1801 296 1867 vicinis
331 1802 480 1868 versibus
513 1801 638 1888 egregie
672 1804 842 1868 conveniat
877 1807 909 1868 ot
942 1821 1054 1867 revera
1088 1820 1106 1866 e
1140 1800 1299 1885 Propertii

181 1919 287 1980 mento
309 1914 444 1981 fluxisse
467 1915 621 1982 videatur.
641 1915 810 1982 Eiusmodi
829 1920 937 1982 autem
957 1935 1070 1981 versus
1084 1915 1185 1979 multo
1199 1914 1301 1999 digni·

181 2046 253 2094 ores
286 2034 365 2095 sunt
398 2032 455 2115 qui
484 2030 633 2116 legantur
663 2052 760 2117 quam
793 2031 919 2096 infinita
951 2031 1150 2114 mendorum,
1180 2030 1300 2115 quibus

180 2143 306 2210 codices
340 2149 472 2231 scatent,
508 2148 606 2231 copia
640 2146 701 2211 Illa
732 2150 839 2212 temen
870 2145 1050 2211 incredibili
1080 2144 1244 2229 diligentia
1266 2148 1298 2209 et

181 2256 350 2323 sedulitate
393 2258 537 2343 undique
575 2260 731 2345 colligunt
764 2261 826 2324 riri
860 2260 953 2343 docti,
989 2259 1028 2325 de
1062 2259 1298 2324 venustissimis

180 2369 343 2456 Scaligeri,
375 2371 513 2458 Heinsii,
545 2373 726 2440 Burmanni
761 2375 954 2440 coniecturis
989 2374 1090 2440 altum
1125 2392 1219 2458 saepo
1249 2376 1298 2438 est

180 2485 355 2552 silentium.
384 2485 447 2553 Sed
476 2487 554 2553 haec
576 2489 698 2573 precari
721 2489 851 2574 quidem
873 2507 1015 2573 possum,
1037 2487 1102 2553 illis
1126 2489 1184 2572 qui
1206 2487 1298 2552 aliter

182 2604 316 2665 censent
347 2599 480 2685 probare
510 2621 575 2666 non
605 2621 747 2687 possum.
777 2601 851 2667 Non
874 2606 981 2667 tamen
1003 2620 1136 2687 prorsus
1158 2603 1298 2686 ineptam

179 2731 285 2778 meam
297 2732 367 2779 osse
379 2717 569 2780 sententiam
581 2715 799 2782 demonstrare
811 2715 963 2782 conabor:
977 2736 1096 2801 paucas
1109 2716 1193 2785 enim
1204 2735 1299 2800 quas·

180 2826 255 2891 darn
276 2846 452 2911 proponam
474 2834 622 2895 veterum
644 2830 853 2914 coniecturas,
873 2850 954 2915 quas
972 2830 1092 2896 iniuria
1103 2834 1159 2896 aut
1170 2830 1300 2916 negligi,

180 2946 239 3007 aut
271 2944 492 3008 tantummodo
525 2945 561 3008 in
594 2944 854 3010 annotationibus
889 2945 1131 3010 commemorari
1160 2949 1192 3010 et
1222 2945 1302 3009 mihi

179 3074 239 3140 pro
258 3059 343 3121 certo
364 3061 486 3122 constet
505 3062 538 3124 et
555 3059 752 3143 argumentis
764 3058 888 3123 idoneis
900 3058 1027 3143 probari
1039 3079 1132 3144 posse
1144 3059 1299 3124 videatur.

226 3168 251 3253 I,
274 3169 323 3254 8b,
346 3172 398 3235 43.
420 3171 630 3258 Aliquamdiu
652 3173 857 3238 vehementer
879 3174 993 3239 metuit
1015 3192 1056 3239 ne
1080 3172 1217 3255 Cynthia
1240 3193 1300 3238 sua

182 3303 258 3349 cum
291 3285 389 3351 divite
421 3286 556 3370 quodam
589 3287 683 3351 rivali
713 3287 907 3372 longinquas
938 3289 1013 3352 navi
1036 3293 1123 3372 petat
1143 3289 1297 3372 regiones

180 3397 244 3464 Sed
276 3400 405 3465 inanem
438 3400 531 3466 illum
566 3400 666 3466 fuisso
700 3405 821 3466 metum
855 3404 964 3486 postea
994 3403 1159 3486 cognovit:
1195 3421 1300 3486 neque

180 3514 267 3578 enim
290 3518 402 3599 potitae
423 3533 532 3600 preces
555 3521 724 3601 aspernata
748 3520 797 3582 est
819 3520 851 3581 et
872 3516 1038 3600 locupletis
1060 3515 1148 3581 illius
1172 3516 1299 3582 diutiss

179 3645 256 3711 prae
288 3627 392 3694 fidelis
422 3631 572 3694 amatoris
603 3629 800 3694 carminibus
830 3634 1031 3695 contemnere
1060 3648 1095 3695 se
1119 3630 1299 3696 declaravit.

181 3739 308 3818 Quanto
343 3761 418 3828 ergo
452 3742 593 3809 exsultet
622 3744 741 3829 gaudio
771 3742 967 3828 Propertius,
999 3763 1095 3827 quam
1125 3743 1299 3828 gloriatur3

182 3856 314 3942 regibus
348 3862 444 3942 atque
477 3858 624 3940 tyrannis
657 3856 719 3923 sibi
752 3856 881 3921 divitior
915 3861 946 3921 et
975 3857 1134 3940 potentior
1164 3857 1300 3923 ridetur.

186 3970 304 4056 ,Nunc
327 3970 427 4036 mihi''
451 3971 609 4038 exclamat

272 4084 370 4151 Nune
393 4086 472 4151 milri
494 4105 621 4151 summa
642 4085 716 4150 licet
738 4085 921 4169 contingere
944 4085 1049 4150 sidera
1066 4085 1202 4170 plantis:

316 4197 392 4266 Sive
415 4200 482 4265 dies
505 4218 563 4265 seu
585 4218 652 4264 nox
675 4200 809 4284 venerit,
832 4199 887 4264 illa
909 4202 1018 4264 meast
