2954 5130
708 501 772 565 138

312 686 375 766 Qui
397 707 463 752 non
485 691 558 753 ante
580 690 678 772 patet,
697 687 797 753 donee
820 705 936 752 manus
959 687 1063 771 attigit
1087 705 1169 752 ossa

355 801 509 887 Quisquis
533 821 577 887 es,
601 802 745 867 assiduas
767 822 786 867 a
809 801 885 886 fuge
908 800 1111 868 blanditias.''

224 1027 399 1094 Cuiusnam
430 1047 556 1112 manus,
578 1027 732 1093 obsecro?
755 1027 950 1092 Amorisne?
971 1025 1034 1092 Sed
1058 1027 1132 1111 quis
1154 1045 1299 1112 unquam

180 1142 371 1229 Cupidinem
415 1143 539 1208 audivit
580 1141 777 1207 manibus
820 1142 942 1207 viscera
976 1141 1143 1206 hominum
1177 1141 1298 1207 laniare

178 1257 280 1322 donee
317 1256 358 1321 ad
391 1256 461 1340 ipsa
492 1275 565 1322 ossa
598 1252 698 1341 digiti
724 1256 794 1320 eius
828 1255 1040 1341 perveniant?
1075 1253 1139 1320 Sed
1175 1257 1299 1340 sagittis

180 1372 249 1436 suis
279 1371 428 1437 mortales
461 1370 540 1455 petit
568 1388 675 1455 neque
708 1372 879 1435 contentus
902 1372 952 1435 est
973 1370 1163 1454 priusquam
1187 1388 1298 1436 earum

179 1504 246 1551 uua
275 1504 341 1549 non
371 1485 548 1550 visceribus
579 1485 684 1549 solum
716 1484 772 1549 sed
794 1484 826 1549 et
849 1482 976 1549 ossibus
997 1483 1170 1548 inhaereat
1196 1481 1298 1560 Quam

179 1599 311 1685 pulchra
341 1617 416 1685 ergo
451 1604 500 1666 est
533 1598 633 1664 Medii
667 1599 851 1664 coniectura
885 1597 1038 1685 malus,
1075 1617 1141 1683 qua
1173 1603 1300 1684 recepta

180 1715 307 1802 egregia
336 1715 481 1780 nascitur
514 1714 672 1780 sententia
706 1715 783 1795 (non
815 1713 901 1778 enim
935 1715 1096 1797 praeterea
1117 1711 1300 1778 Burmanni

180 1829 331 1895 atterit
376 1847 458 1913 opus
503 1847 573 1894 esse
614 1829 746 1913 opinor).
788 1825 933 1892 Venusto
977 1827 1063 1892 enim
1104 1825 1299 1893 adiectivurn

180 1945 314 2009 malus
353 1943 575 2028 interponitur,
617 1962 714 2026 quam
758 1945 950 2007 structuram
992 1940 1153 2026 eleganter
1185 1940 1298 2008 latine

180 2056 394 2124 scribentibus
424 2058 459 2121 in
482 2055 604 2122 deliciis
626 2073 697 2121 esse
719 2056 831 2120 multis
853 2055 982 2140 probari
1004 2055 1161 2140 exemplis
1186 2059 1298 2141 potest

180 2173 291 2238 Unum
313 2191 498 2258 proponam,
524 2172 620 2257 quod,
638 2171 757 2236 licetin
768 2172 859 2237 nulla
871 2171 1009 2237 editione
1020 2171 1156 2258 legatur,
1172 2173 1300 2258 egregie

178 2307 246 2353 rem
280 2287 427 2352 illustrat
457 2285 556 2371 Apud
590 2285 772 2351 Phaedrum
805 2285 849 2369 H,
885 2286 907 2349 4
937 2285 1079 2370 aquilam
1104 2286 1145 2352 de
1166 2286 1301 2352 instanti

180 2400 322 2487 periculo
345 2401 391 2466 sic
414 2399 562 2465 admonet
585 2399 676 2466 felis:

784 2611 956 2696 Pernicies,
979 2612 1033 2696 ait,

356 2725 427 2791 Tibi
449 2730 589 2811 paratur,
611 2726 719 2792 forsan
743 2730 774 2792 et
797 2727 913 2793 misero
936 2726 1027 2792 mihi.

358 2838 441 2904 Nam
464 2839 572 2905 fodere
594 2843 710 2905 terram
734 2840 822 2925 quod
846 2839 936 2906 rides
957 2839 1100 2924 quotidie

357 2953 483 3038 Aprum
504 2953 705 3037 insidiosum,
729 2972 884 3039 quercum
908 2954 980 3021 vult
1002 2957 1153 3020 evertere.

169 3263 172 3268 ,
226 3189 301 3256 Iure
325 3190 371 3256 sio
388 3189 479 3256 locus
498 3191 551 3255 hic
574 3190 614 3255 ab
642 3188 817 3256 editoribus
840 3189 1020 3275 exhibetur,
1041 3210 1118 3257 nam
1140 3193 1302 3258 coniectu·

181 3324 250 3370 ram
261 3304 479 3371 Bentleianam
500 3304 755 3388 insidiosus,
774 3304 966 3389 quodaeute
978 3304 1301 3392 observavitHarius,

181 3422 321 3484 metrum
344 3419 468 3502 respuit
490 3417 558 3482 he.
582 3422 683 3483 metro
706 3422 835 3483 coactus
858 3417 1024 3484 Phaedrus
1043 3418 1084 3484 ad
1104 3423 1299 3486 structuram

182 3552 294 3618 parurn
319 3532 495 3617 elegantem
518 3531 670 3616 confugit.
689 3530 773 3596 Nam
793 3533 822 3597 si
833 3551 927 3617 prosa
940 3533 1081 3599 oratione
1092 3532 1164 3599 eius
1175 3532 1302 3600 fabulae

187 3651 294 3713 essent
311 3648 454 3730 scriptae,
474 3646 604 3710 omnino
623 3645 768 3712 Bentleio
781 3645 1065 3731 obtemperandum
1077 3652 1162 3729 erat3
1176 3647 1303 3734 elegan-

182 3761 305 3826 tissime
334 3762 418 3826 enim
444 3762 618 3845 composita
641 3765 725 3826 esset
748 3762 924 3826 sententia:
950 3761 1075 3846 Aprum
1100 3762 1188 3846 quod
1211 3763 1301 3829 vides

183 3875 325 3962 quotidie
359 3879 475 3939 terram
509 3874 626 3958 fodere,
661 3875 836 3940 insidiosus
870 3894 1025 3962 quereum
1057 3880 1199 3943 evertere
1221 3877 1301 3944 vult

183 3988 287 4067 Quam
311 3994 383 4075 apte
405 4009 499 4073 porro
520 3990 633 4054 Amori
658 3990 818 4075 epitheton
841 3991 979 4057 malus
1001 3990 1189 4076 praebetur3
1205 4012 1301 4078 quam

182 4104 324 4188 lepidum
356 4103 494 4188 denique
524 4103 624 4168 Medii
653 4105 834 4170 coniectura
858 4106 1075 4171 nanciscimur
1098 4105 1223 4172 dictum
1245 4126 1302 4194 pro

184 4218 290 4303 inepta
313 4237 476 4303 sensuque
497 4237 589 4284 cassa
611 4219 762 4284 lectione:
788 4239 905 4285 manus
928 4220 1032 4304 attigit
1054 4238 1136 4286 ossa.
